3159 4759
495 297 541 349 pro
559 281 588 333 P.
608 280 692 333 Sestio
711 281 803 333 oratic.
840 297 861 333 c.
881 281 923 334 59.
944 281 987 334 60.
1275 295 1279 303 ’
1305 275 1355 336 12ἶ

126 443 197 505 lum
222 459 464 516 commemorare,
496 441 550 520 qui
573 440 675 505 redire
698 441 765 523 ipse
789 441 1022 522 Karthaginem
1047 459 1105 503 sua
1128 441 1293 504 voluntate
1317 441 1356 504 ad

128 548 334 630 supplicium,
366 566 463 628 quam
486 547 553 610 sine
577 548 621 611 eis
646 547 792 629 captivis,
823 565 842 610 a
866 548 980 628 quibus
1005 547 1045 610 ad
1069 550 1217 610 senatum
1240 545 1357 610 missus

129 657 213 731 erat,
243 654 362 717 Romae
386 672 515 716 manere
539 654 701 730 maluerit,
732 658 764 718 et
792 654 872 717 mihi
898 673 996 735 negas
1021 653 1195 736 optandum
1219 653 1355 718 reditum
1464 736 1467 742 Ι

128 761 228 824 fuisse
252 779 308 842 per
330 759 468 823 familias
493 762 692 841 comparatas
716 762 748 823 et
770 736 915 823 hommes
939 762 1103 823 armatos?

175 848 178 852 ⁵
221 866 310 929 Vim
343 865 511 930 scilicet
542 884 613 947 ego
643 865 897 942 desideravi,
932 867 1014 946 qui,
1049 866 1141 930 dum
1171 866 1231 930 vis
1262 851 1420 980 summ

129 973 238 1036 nihil
262 973 339 1053 egi,
369 974 407 1036 et
432 991 562 1052 quem,
592 972 625 1034 si
648 973 708 1036 vis
731 991 807 1036 non
830 971 997 1049 fuisset,
1020 973 1137 1036 nulla
1159 991 1223 1036 res
1246 973 1359 1038 labe·

129 1079 146 1140 f
151 1082 290 1142 actare
314 1079 532 1161 potuisset.
570 1078 665 1142 Hunc
688 1097 745 1160 ego
769 1079 908 1142 reditum
924 1079 1133 1161 repudiarem,
1157 1080 1212 1160 qui
1234 1079 1280 1143 ita
1304 1078 1360 1143 fio·

130 1204 204 1249 rens
229 1184 298 1261 fuit,
321 1187 358 1248 ut
381 1203 499 1261 verear,
523 1203 562 1248 ne
588 1185 642 1267 qui
664 1203 716 1248 me
741 1184 846 1248 studio
862 1185 980 1266 gloriae
995 1187 1089 1266 putet
1111 1185 1226 1249 idcirco
1250 1186 1360 1262 exisse,

131 1294 169 1354 ut
198 1293 245 1355 ita
262 1281 439 1355 redirem?
494 1290 597 1369 Quem
628 1292 712 1355 enim
741 1310 896 1372 umquam
926 1293 1056 1355 senatus
1086 1291 1187 1355 civem
1217 1291 1278 1354 nisi
1308 1309 1360 1355 me

131 1398 313 1461 nationibus
338 1398 453 1460 exteris
478 1397 734 1461 commendavit?
770 1397 868 1462 Cuius
892 1415 1047 1479 umquam
1069 1401 1198 1480 propter
1222 1398 1360 1461 salntem

131 1504 194 1566 nisi
223 1521 329 1567 meam
359 1506 490 1566 senatus
520 1503 644 1585 publice
680 1504 771 1567 sociis
801 1504 915 1586 populi
944 1504 1081 1567 Romani
1115 1504 1235 1585 gratias
1270 1503 1361 1584 egit?

131 1610 180 1674 De
208 1628 260 1673 me
288 1629 350 1672 unc
374 1611 482 1691 patres
507 1609 675 1692 conscripti
699 1609 907 1673 decreverunt
929 1613 979 1686 ut,
1010 1609 1065 1690 qui
1086 1609 1263 1691 provincias
1287 1629 1361 1673 oum

132 1717 264 1798 imperio
294 1716 488 1792 obtinerent,
519 1716 574 1796 qui
603 1719 787 1796 quaestores
815 1716 977 1804 legatique
1007 1718 1130 1792 essent,
1160 1716 1298 1780 salutem
1328 1718 1361 1779 et
1401 1717 1404 1721 ’

132 1823 233 1886 vitam
263 1821 470 1886 custodirent.
522 1821 561 1884 In
594 1840 658 1885 una
692 1840 764 1885 mea
799 1839 896 1886 causa
930 1825 1003 1904 post
1031 1823 1167 1886 Romam
1201 1822 1362 1886 conditam

133 1929 256 1992 factum
287 1931 350 2003 est,
379 1930 417 1993 ut
445 1929 562 1992 litteris
593 1928 811 1992 consularibus
842 1947 880 1992 ex
910 1931 1041 1992 senatus
1071 1929 1214 1992 consulto
1246 1931 1362 1992 cuncta

135 2054 172 2098 ex
195 2035 290 2098 Italia
314 2053 432 2111 omnes,
457 2035 512 2116 qui
534 2053 603 2098 rem
625 2036 786 2118 publicam
809 2036 931 2099 salvam
955 2036 1082 2112 vellent,
1106 2038 1362 2099 convocarentur.
1409 2109 1413 2114 ,

135 2141 228 2219 Quod
251 2160 428 2224 numquam
453 2144 583 2205 senatus
606 2142 639 2204 in
663 2142 829 2205 universae
858 2142 903 2205 rei
926 2142 1070 2224 publicae
1094 2142 1232 2224 periculo
1256 2141 1362 2205 decre·

135 2249 196 2324 vit,
226 2247 257 2310 id
289 2249 322 2310 in
352 2249 446 2312 unius
476 2267 548 2311 mea
583 2248 686 2312 salute
716 2248 933 2312 conservanda
962 2248 1197 2312 decernendum
1226 2248 1361 2330 putavit.

136 2353 240 2431 Quem
263 2355 350 2419 curia
373 2355 475 2436 magis
499 2355 688 2437 requisivit?
728 2353 831 2433 Quem
860 2355 964 2418 forum
990 2356 1096 2418 luxit?
1135 2354 1238 2433 Quem
1262 2372 1361 2434 aeque
1418 2337 1421 2348 ι

135 2463 205 2543 ipsa
240 2462 411 2525 tribunalia
446 2461 730 2525 desideraverunt?
789 2460 904 2526 Omnia
943 2461 1084 2525 discessu
1122 2479 1192 2524 meo
1228 2460 1363 2538 deserta,

135 2566 272 2642 horrida,
295 2570 394 2644 muta,
416 2569 511 2651 plena
533 2569 640 2631 luctus
665 2571 697 2631 et
719 2569 872 2632 maeroris
895 2568 1035 2631 fuerunt.
1074 2565 1152 2645 Quis
1176 2569 1226 2630 est
1248 2566 1362 2630 Italiae

136 2675 234 2750 loona,
257 2675 290 2737 in
315 2693 375 2756 quo
398 2694 462 2738 non
484 2674 582 2738 fixum
607 2675 649 2737 sit
671 2675 704 2736 in
720 2675 854 2757 publicis
873 2674 1088 2738 monumentis
1113 2673 1255 2736 studium
1279 2674 1363 2737 salu·

136 2780 177 2843 tis
201 2799 300 2857 meae,
323 2781 542 2844 testimenium
567 2780 757 2861 dignitatis?

137 2955 308 3023 Schilderung
346 2957 431 3009 seiner
467 2956 612 3010 R'uiclrlrehr.
669 2957 723 3009 Der
776 2957 851 3008 keinc
884 2955 986 3010 Gevralt
1016 2955 1062 3008 im
1093 2956 1209 3026 Spiele
1246 2973 1364 3024 gewesen

138 3041 241 3110 Gegner
259 3043 335 3095 hatte
353 3044 408 3096 ihm
423 3044 599 3110 vorgehalten,
619 3044 677 3097 dass
695 3061 724 3096 er
777 3046 876 3098 wire“.
922 3045 977 3099 Das
1011 3045 1126 3098 einfache
1153 3045 1267 3098 Verbum
1301 3046 1363 3114 (vgl.

136 3131 202 3184 nach
227 3130 352 3198 Regulus'
371 3131 500 3200 Beispiele
524 3132 605 3184 lieber
627 3132 654 3185 in
679 3133 724 3184 der
777 3135 793 3202 ᾗ
807 3134 850 3187 37.
864 3133 910 3198 52)
924 3149 980 3188 esse
994 3136 1093 3186 ersetzt
1106 3134 1171 3186 viele
1185 3134 1318 3187 deutsche.
1330 3165 1362 3172 —

136 3220 313 3286 Verbannung
330 3219 406 3272 hatte
425 3220 530 3273 sterben
549 3225 664 3286 meissen,
684 3221 724 3274 ads
777 3221 887 3289 floreas]
910 3221 1097 3289 adjektivisch:
1122 3223 1272 3289 „herrlich,
1291 3223 1364 3291 glin-

137 3307 195 3360 dais
227 3325 255 3360 er
287 3307 337 3360 mit
363 3307 434 3360 Hilie
465 3307 630 3361 bevaffncter
657 3308 724 3361 Ban·
778 3311 875 3364 zend“.
904 3340 937 3348 -
960 3313 1125 3380 prouincias
1151 3329 1214 3366 cum
1237 3312 1364 3381 inaperta]

137 3397 187 3449 den
206 3396 275 3449 scine
294 3396 432 3450 Rfiokkehr
451 3396 625 3451 durchsetzte.
657 3398 724 3450 Dem
777 3399 805 3452 in
830 3399 876 3452 der
900 3399 982 3467 Regel
1008 3400 1049 3453 die
1074 3402 1276 3469 abgegungenen
1293 3400 1363 3454 Kon-

137 3485 284 3552 gegenirber
313 3486 387 3538 vaist
413 3484 501 3539 Cicero
529 3486 575 3538 auf
600 3486 650 3540 den
677 3487 724 3540 all·
778 3488 910 3541 sulnxund
928 3488 1069 3555 Priitcren,
1092 3491 1281 3558 procerasules,
1296 3507 1363 3558 pro-

137 3574 270 3641 gemeiuen
284 3573 401 3626 Wunsch
420 3574 465 3627 des
479 3574 574 3627 Volkes
592 3575 646 3641 hin,
666 3576 724 3629 vvel·
773 3580 926 3644 pr'aetcres.
962 3607 995 3614 —
1030 3583 1184 3645 quaestores
1212 3577 1364 3650 legatique]

138 3661 211 3714 chem
224 3679 253 3714 er
267 3663 333 3715 habe
346 3662 425 3730 Fclge
443 3663 537 3716 leisten
555 3669 669 3717 missen.
689 3691 722 3700 ·-
778 3665 820 3718 die
837 3665 897 3718 siue
914 3665 1028 3735 imperio
1046 3682 1140 3720 waren.
1160 3696 1194 3704 —
1212 3667 1364 3736 requisivit]

137 3767 189 3804 suu
221 3752 364 3806 uoluntate
468 3751 612 3818 moluerit]
651 3769 723 3819 „aus
777 3753 883 3820 cigentl.
908 3754 1000 3806 immor
1023 3754 1118 3806 wieder
1140 3755 1264 3820 gesucht,
1292 3755 1318 3807 d.
1336 3755 1364 3809 h.

137 3839 225 3892 freiem
252 3839 438 3906 Entschluis“,
471 3840 574 3893 stirher
603 3840 642 3893 als
671 3857 723 3896 sua
778 3841 901 3907 „lebhaft
920 3842 1198 3910 zurichgevviinscht“.
1218 3842 1366 3908 -forum

138 3933 240 3996 sponte.
778 3930 863 3996 luxit]
881 3930 954 3983 Dazu
973 3931 1068 3996 gehbrt
1080 3931 1205 3984 ebensadls
1218 3933 1313 4000 magia.
1329 3961 1363 3970 -

174 4015 251 4083 Καρ.
266 4017 314 4073 60.
353 4029 409 4072 1²8.
428 4015 499 4084 Vim]
514 4017 568 4070 Das
583 4015 724 4071 Stichvrort
778 4017 916 4086 Quiserat
969 4018 1054 4086 lomes]
1070 4020 1194 4087 „wogab
1204 4036 1232 4072 es
1243 4018 1318 4074 ...?“
1329 4047 1363 4056 -

139 4107 186 4158 hat
201 4106 241 4158 die
255 4105 396 4158 Tonstelle.
412 4135 444 4142 —
464 4107 578 4172 scilicet]
597 4106 723 4159 ironisch:
777 4107 963 4160 testimoniam
982 4107 1140 4175 diqaitotis]
1165 4109 1217 4176 vgl.
1242 4109 1257 4176 ᾗ
1277 4110 1301 4162 9.
1321 4108 1363 4162 10.

139 4194 320 4260 „natiirlich“.
336 4224 369 4231 -
389 4195 516 4262 atquem]
537 4196 607 4261 „den
627 4195 724 4248 ausser·
777 4195 827 4248 Die
850 4194 994 4265 Campaner
1017 4197 1111 4250 hatten
1135 4197 1189 4250 ihm
1213 4213 1290 4264 scgar
1308 4197 1364 4249 eine

140 4282 227 4335 dem“.
251 4311 286 4320 -
309 4283 334 4336 ei
353 4283 394 4336 cie
412 4299 468 4336 noa
493 4282 602 4350 fuisset]
627 4300 724 4350 „srenn
777 4289 874 4339 statua
892 4285 1030 4340 inaurata
1047 4286 1181 4340 errichtet.
