3159 4759
194 284 252 342 140
673 282 709 335 M.
728 282 808 335 Tullii
826 281 956 337 Ciceronis

200 466 273 511 eum
290 464 407 519 omnes
432 443 487 524 qui
509 445 556 506 ita
572 443 721 520 fecerant,
746 443 907 507 ecivitate
924 444 1118 518 eicerentnr;
1142 445 1176 508 si
1198 446 1434 511 Themisto-

200 555 301 618 clem
335 552 428 614 illum
462 551 716 614 conservatorem
744 550 867 631 patriae
897 569 960 613 non
991 549 1147 614 deterruit
1181 570 1200 614 a
1233 571 1267 615 re
1301 554 1431 635 publiea

200 657 397 724 defendenda
426 674 485 719 nee
507 655 695 720 Miltiadi
725 655 907 732 calamitas,
938 656 993 736 qui
1022 656 1112 720 illam
1142 658 1304 722 civitatem
1333 661 1430 742 paule

201 767 274 829 ante
304 765 460 840 servarat,
489 781 592 843 neque
615 762 796 826 Aristidi
824 761 914 843 fuga,
942 763 997 842 qui
1019 782 1103 826 unus
1127 765 1269 828 omnium
1291 765 1429 830 iustissi-

199 891 272 936 mus
296 871 394 934 fuisse
418 869 573 943 traditur;
598 869 625 932 si
647 870 758 951 postea
782 869 900 932 summi
924 868 1066 932 eiusdem
1090 870 1229 955 civitatis
1252 872 1331 949 viri,
1350 891 1429 953 quos

200 978 389 1042 nominatim
413 976 567 1058 appellari
588 994 652 1039 non
676 976 725 1039 est
747 993 892 1050 necesse,
919 975 1088 1056 propositis
1116 977 1165 1039 tot
1192 978 1344 1059 exemplis
1367 979 1430 1042 ira·

201 1085 333 1149 cundiae
363 1083 568 1163 levitatisque
597 1082 758 1164 popularis
788 1083 897 1145 tamen
927 1100 1020 1145 suam
1051 1101 1120 1146 rem
1148 1084 1310 1164 publicam
1338 1084 1430 1149 illam

201 1189 426 1254 defenderunt:
453 1189 528 1269 quid
551 1207 609 1251 nos
624 1187 756 1251 tandem
770 1187 874 1251 facere
892 1187 1052 1265 debemus,
1075 1189 1216 1270 primum
1237 1190 1271 1252 in
1294 1209 1332 1254 ea
1355 1191 1430 1255 civi-

201 1301 268 1362 tate
292 1297 372 1372 nati‚
401 1294 485 1358 unde
513 1297 583 1359 orta
612 1294 691 1357 mihi
720 1294 860 1376 gravitas
890 1297 923 1357 et
951 1294 1138 1375 magnitudo
1169 1296 1268 1358 animi
1294 1296 1429 1374 videtur,

201 1406 272 1468 tum
299 1404 331 1466 in
360 1403 452 1465 tanta
480 1401 580 1482 gloria
601 1400 801 1476 insistentes,
831 1400 869 1463 ut
898 1400 1004 1463 omnia
1026 1402 1168 1464 humana
1190 1402 1308 1465 leviora
1330 1403 1430 1467 videri

202 1511 353 1586 debeant,
383 1507 494 1572 deinde
527 1507 566 1570 ad
597 1525 668 1570 eam
697 1525 766 1570 rem
793 1506 954 1588 publicam
983 1507 1136 1571 tuendam
1159 1507 1317 1588 adgressi,
1347 1528 1429 1589 quae

202 1618 294 1680 tanta
323 1615 477 1696 dignitate
508 1615 572 1690 est,
601 1616 640 1676 ut
669 1631 739 1677 earn
763 1612 987 1677 defendentem
1016 1613 1156 1677 occidere
1186 1615 1356 1696 optabilius
1386 1616 1430 1679 sit

203 1741 300 1805 quam
323 1722 559 1804 oppugnantem
582 1738 691 1783 rerum
713 1719 831 1801 potiri?

149 1817 192 1879 68
291 1829 470 1892 Homines
495 1827 643 1903 Graeci,
674 1844 754 1908 quos
779 1828 874 1896 antea
896 1825 1070 1903 nominavi,
1092 1827 1199 1908 inique
1223 1845 1242 1890 a
1265 1827 1331 1891 suis
1355 1828 1430 1891 eivi-
1536 1845 1542 1867 ⁴

143 1903 261 2000 ¹4²bus
286 1935 429 1999 damnati
453 1936 550 2014 atque
575 1933 708 2015 expulsi,
738 1935 861 2009 tamen,
892 1933 967 2015 quia
995 1933 1076 1996 bene
1104 1936 1181 1996 sunt
1202 1933 1240 1996 de
1265 1934 1331 1997 suis
1355 1934 1431 1998 eivi-

202 2043 323 2106 tatibus
346 2041 461 2117 meriti,
484 2041 576 2104 tanta
599 2039 691 2103 hodie
716 2039 816 2121 gloria
839 2041 915 2102 sunt
937 2057 1000 2102 non
1023 2039 1056 2101 in
1081 2039 1222 2103 Graecia·
1237 2041 1349 2116 solum,
1373 2041 1430 2105 sed

204 2150 301 2214 etiam
325 2146 409 2229 apud
432 2165 489 2210 nos
513 2148 609 2227 atque
632 2147 665 2209 in
689 2146 802 2210 ceteris
826 2146 933 2222 terris,
961 2147 999 2209 ut
1022 2164 1089 2222 eos,
1118 2164 1136 2208 a
1160 2147 1274 2226 quibus
1302 2147 1349 2209 illi
1376 2166 1430 2230 op·

202 2255 305 2338 pressi
328 2256 413 2329 sunt,
435 2271 529 2317 nemo
544 2253 695 2328 nominet,
718 2253 833 2316 horum
849 2253 1065 2316 calamitatem
1081 2251 1287 2316 dominationi
1302 2253 1430 2318 illorum

204 2379 313 2425 omnes
330 2361 533 2441 anteponant.
572 2357 650 2437 Quis
673 2359 1093 2439 Karthaginiensium
1116 2359 1216 2440 pluris
1239 2358 1301 2422 luit
1322 2360 1430 2423 Han·

203 2469 340 2532 nibale
365 2465 507 2543 consilio,
531 2466 663 2541 virtute,
686 2465 780 2529 rebus
805 2466 917 2546 gestis,
942 2465 997 2546 qui
1019 2484 1103 2528 unus
1127 2484 1201 2529 cum
1224 2467 1273 2529 tot
1294 2465 1430 2548 impera·

203 2697 253 2750 mit
266 2696 374 2764 Erdolg).
390 2727 423 2736 -
443 2695 598 2762 calamitae]
614 2712 634 2749 s.
649 2696 665 2764 ξ
680 2695 739 2748 142.
756 2725 789 2733 -
844 2694 939 2748 annia
956 2690 1089 2765 nmen]
1116 2694 1165 2748 Die
1183 2694 1431 2764 Substantiriernng

204 2785 337 2854 Aristidi]
364 2785 456 2838 Diessr
479 2782 590 2839 Genetiv
619 2800 667 2837 von
692 2784 789 2851 griech.
845 2783 890 2836 des
908 2782 1003 2836 Neutr.
1022 2783 1093 2836 Plur.
1113 2783 1159 2836 des
1176 2783 1315 2851 Adjelrtivs
1339 2784 1431 2838 istim

203 2873 306 2928 Namen
330 2874 376 2926 auf
392 2889 437 2928 -es
461 2873 499 2927 ist
523 2873 550 2926 in
574 2872 642 2925 allen
664 2871 791 2924 Perioden
844 2872 902 2925 Lat.
921 2870 1011 2939 htufig
1029 2871 1083 2924 und
1100 2873 1180 2925 meist
1202 2873 1253 2925 mit
1270 2872 1342 2925 Hilfe
1359 2873 1431 2927 eines

204 2963 250 3016 der
267 2963 416 3016 litteratur
433 2960 531 3029 htufig.
552 2988 583 2997 -
603 2959 687 3029 sepa]
706 2959 791 3026 „Van
845 2959 1161 3028 Substwisderzugsben.
1180 2961 1234 3029 §72
1247 2961 1432 3016 haccmdnora

203 3051 358 3119 bannung“.
386 3081 421 3088 —
448 3049 614 3105 nominatim
641 3049 790 3118 appellari]
846 3049 940 3118 „disse
965 3049 1077 3118 weniger
1102 3049 1283 3104 bedentendsn
1306 3051 1430 3118 Dinge“;

205 3156 226 3194 s.
242 3139 257 3206 ξ
273 3140 332 3194 123,
348 3167 382 3180 —
400 3155 481 3193 snam
493 3138 689 3206 remprstlicam
702 3138 790 3205 illam]
845 3139 905 3208 §22
919 3139 1008 3192 malta
1021 3138 1104 3205 „risle
1116 3138 1293 3206 Umstdnde“,
1307 3140 1323 3208 ξ
1337 3140 1366 3194 5:
1380 3139 1432 3193 illa

205 3228 304 3296 „ihren
328 3227 476 3294 damaligen
499 3225 614 3293 Steet“‚
639 3226 686 3280 der
711 3227 791 3280 ihnen
844 3227 966 3281 murima
985 3227 1048 3294 „die
1067 3244 1095 3281 so
1107 3227 1213 3296 groisen
1227 3227 1413 3283 Verdisnste“.

204 3333 293 3384 wegsn
317 3315 363 3368 des
388 3313 566 3369 Ostracismus
589 3315 663 3368 keine
687 3319 791 3384 perstn·
880 3314 959 3383 Καρ.
973 3315 1021 3372 68.
1053 3327 1110 3371 142.
1129 3317 1431 3386 quesantenominavi]

204 3405 272 3458 hehe
299 3403 445 3458 Sieherhsit
472 3403 613 3471 gewhhrto.
657 3403 706 3458 Als
733 3403 791 3457 Bei-
846 3404 935 3471 „oben
958 3405 1105 3473 genannt“.
1152 3404 1292 3472 Derarh'ge
1315 3405 1431 3475 Begriffe

204 3493 286 3564 spiels
317 3491 392 3544 fiihrt
423 3491 544 3545 Valerius
574 3492 718 3566 Maximus·
740 3509 790 3546 an:
846 3492 942 3545 drliclrt
959 3493 1139 3546 derInteiner
1157 3492 1240 3546 durch
1253 3493 1431 3549 Relatirsatze

204 3581 333 3648 Theseus,
361 3579 453 3648 Solon,
478 3581 626 3649 Miltiades,
652 3581 791 3648 Aristides,
845 3581 1431 3649 ans(„sogenannt,obenerwihnt“etc.).-

205 3669 408 3736 Themistolrles,
432 3669 554 3724 Phocion.
591 3670 654 3724 Man
671 3670 791 3724 bomerlre
844 3670 951 3739 inique]
971 3671 1270 3738 „ungerechterweiss“.
1293 3701 1327 3709 -
1351 3671 1433 3726 hodie

205 3759 343 3826 tibrigens‚
370 3758 466 3812 welche
493 3758 650 3812 historische
676 3759 793 3827 Bildnng
845 3764 928 3813 tenta
938 3760 1030 3828 pheta
1042 3759 1120 3828 erest]
1140 3759 1338 3828 „gonieisen
1352 3760 1432 3814 hente

188 3847 258 3902 die.
272 3847 314 3900 bei
329 3847 560 3901 seinenZuhdrsrn
574 3850 790 3901 voraussetzt.—
845 3848 913 3902 noch
940 3865 969 3902 so
996 3849 1100 3917 grolsen
1128 3849 1249 3904 Rnhm“.
1292 3849 1347 3902 Der
1371 3850 1432 3904 Abl.

203 3935 790 4006 pravitas]‚,sittlichsWiirds“;s.§88.-
845 3939 916 3990 statt
940 3937 986 3991 des
1011 3937 1206 4006 geuthnliehsn
1228 3939 1260 3991 in
1282 3937 1330 3991 uis
1353 3937 1431 3992 Catil.

204 4026 237 4078 tn
254 4029 336 4079 wate
357 4025 450 4094 pteris
472 4025 637 4092 mactantes]
664 4025 726 4092 „die
745 4026 793 4078 wir
844 4025 870 4091 4,
889 4025 939 4079 21:
957 4027 996 4081 sit
1013 4032 1128 4081 aeterna
1144 4027 1236 4096 pluria
1254 4027 1376 4080 Maricas.
1397 4057 1430 4065 -

205 4113 252 4166 anf
281 4113 339 4166 dem
371 4111 478 4168 Grande
510 4114 580 4167 eines
620 4131 649 4167 so
685 4113 791 4182 grossen
845 4113 1040 4182 demiratione]
1057 4115 1113 4169 Des
1127 4115 1204 4169 Wort
1217 4116 1266 4168 hat
1278 4117 1370 4169 immor
1382 4116 1432 4170 den

205 4201 322 4255 Rnhmes
336 4202 459 4258 stehsn“.
487 4202 580 4256 Diessr
593 4201 730 4256 Gabranch
745 4202 791 4256 des
844 4203 1001 4272 gehtssigen
1019 4203 1164 4258 Charakter
1188 4203 1235 4257 der
1257 4202 1432 4259 Geweltherr·

205 4290 301 4345 Partic.
327 4291 414 4346 Praes.
438 4292 475 4345 ist
497 4291 539 4344 bei
562 4290 613 4346 Cic.
639 4291 730 4346 selten.
757 4319 790 4330 -
846 4291 1431 4362 sonan;s.§ae.125.-totimperatori-
