3159 4759
215 287 267 348 144
462 290 499 344 Μ.
518 289 597 342 Tullii
616 288 746 344 Ciceronis
764 306 811 358 pro
830 289 859 341 P.
876 287 961 342 Sestio
980 289 1071 341 oratio.
1107 305 1129 341 e.
1149 288 1191 352 69,

215 469 302 516 esse
325 451 476 534 possim
499 450 562 513 his
586 450 732 532 pulsis,
756 450 824 533 qui
846 468 904 513 me
927 450 1050 513 huius
1074 449 1191 512 urbis
1215 449 1441 530 compotem

214 557 428 622 fecerunt?
474 557 638 631 Neaera,
667 575 730 620 non
753 558 863 638 petere
886 574 971 630 esse,
999 555 1136 629 iudices3
1166 573 1268 636 neque
1296 554 1349 618 hie
1371 573 1442 618 um·

215 681 312 746 quam
335 682 422 746 puer,
446 663 500 745 qui
524 663 573 726 his
596 663 735 726 lacrimis
752 681 816 742 qua
840 663 883 725 sit
897 663 1015 744 pietate
1037 661 1186 738 declarat,
1210 663 1326 725 amisso
1349 663 1440 743 patre

214 789 271 833 suo
295 771 423 852 prepter
446 788 511 846 me,
534 787 585 833 me
609 770 715 850 ipsum
738 769 930 832 ineolumem
954 769 1086 845 videbit,
1109 787 1183 844 nee,
1207 768 1441 849 quotienscum-

134 932 137 938 .
216 895 278 959 que
301 895 353 940 me
376 875 501 952 viderit,
525 877 719 956 ingemescet
741 893 778 940 ae
794 877 918 957 pestem
934 893 1027 939 suam
1050 894 1088 940 ae
1102 875 1203 957 patris
1227 874 1276 937 sui
1300 892 1333 937 se
1357 873 1442 938 dieet

214 983 329 1047 videre.
374 983 441 1063 Ege
464 1001 538 1046 vero
562 983 618 1046 hes
649 983 681 1045 in
711 983 796 1046 omni
826 981 969 1059 fortuna,
999 1000 1218 1063 quaecumque
1243 980 1303 1044 erit
1325 981 1441 1057 oblata,

215 1089 426 1171 complectar:
455 1107 514 1153 nee
537 1107 588 1151 me
613 1089 731 1164 abiis,
762 1107 842 1168 ques
865 1107 936 1152 mee
967 1088 1093 1152 nemine
1117 1086 1294 1151 sordidatos
1317 1086 1440 1163 videtis,

215 1213 368 1277 umquam
399 1195 467 1259 ulla
496 1194 625 1258 fortuna
656 1194 802 1268 divellet;
833 1213 935 1275 neque
967 1212 1022 1258 eae
1051 1194 1211 1270 nationes,
1243 1194 1357 1274 quibus
1387 1212 1439 1257 me

215 1305 345 1366 senatus
369 1300 618 1378 commendavit,
650 1301 765 1382 quibus
796 1301 834 1365 de
857 1320 908 1365 me
932 1302 1051 1382 gratias
1076 1302 1155 1382 egit,
1184 1301 1269 1365 hune
1298 1301 1439 1364 exsulem
1490 1291 1493 1294 ⁴

155 1411 342 1491 teipropter
365 1422 416 1472 me
441 1408 508 1471 sine
532 1426 583 1471 me
607 1407 767 1471 videbunt.
808 1407 881 1471 Sed
906 1409 1004 1472 haee
1027 1408 1065 1471 di
1087 1408 1360 1496 immortales,
1384 1409 1440 1488 qui

214 1535 264 1580 me
290 1517 355 1578 suis
380 1515 507 1597 templis
532 1514 754 1578 advenientem
777 1517 965 1597 receperunt
988 1515 1141 1597 stipatum
1172 1515 1212 1577 ab
1235 1514 1285 1578 his
1308 1514 1383 1577 viris
1407 1515 1440 1578 et

213 1623 248 1688 P.
272 1622 410 1685 Lentule
433 1621 561 1685 consule
586 1623 682 1702 atque
705 1622 775 1704 ipsa
799 1640 849 1685 res
873 1622 1008 1704 publiea,
1032 1639 1096 1703 qua
1115 1621 1195 1684 nihil
1219 1623 1268 1684 est
1289 1621 1439 1697 sanetius,

213 1731 380 1793 vestrae
409 1729 626 1810 potestati,
656 1728 835 1805 iudices,
865 1729 1166 1793 commiserunt.
1211 1727 1277 1790 Vos
1305 1728 1365 1790 hee
1391 1728 1439 1791 iu·

213 1835 293 1899 dieis
317 1835 458 1899 emnium
483 1835 637 1898 bonerum
659 1837 783 1898 mentes
808 1835 1007 1911 confirmare,
1030 1835 1244 1916 improborum
1267 1834 1457 1919 reprimam¹

212 1942 361 2023 potestis,
384 1960 439 2005 ves
464 1941 513 2004 his
537 1941 657 2004 eivibus
682 1941 729 2004 uti
753 1942 896 2023 optimis,
929 1960 983 2005 vos
1007 1959 1058 2004 me
1082 1941 1209 2004 refieere
1232 1942 1264 2004 et
1287 1959 1438 2005 renovare

212 2066 280 2110 rem
304 2048 471 2129 publicam.
518 2045 623 2125 Quare
647 2066 701 2111 ves
726 2049 867 2112 obtestor
895 2051 992 2129 atque
1016 2049 1144 2111 obseere
1168 2049 1220 2122 ut,
1250 2047 1278 2109 si
1300 2066 1351 2111 me
1375 2049 1438 2112 sal-

212 2173 288 2218 vum
312 2173 380 2217 esse
404 2154 558 2230 voluistis,
582 2172 635 2217 eos
659 2156 861 2232 conservetis,
884 2173 941 2236 per
965 2173 1043 2234 ques
1067 2173 1118 2217 me
1142 2154 1392 2236 reeuperatistis.

212 2295 423 2305 ——-.-----

211 2383 349 2436 verurteilt
367 2383 457 2437 werde.
483 2413 516 2422 -
542 2382 596 2452 leis]
619 2383 720 2439 Sestius
744 2387 798 2440 und
852 2393 892 2442 est
905 2387 1039 2458 sanetius]
1060 2387 1131 2457 „der
1144 2388 1209 2443 eueh
1222 2388 1296 2443 mehr
1313 2389 1352 2444 als
1371 2388 1436 2445 alles

210 2471 282 2524 Mile.
302 2501 335 2508 —
355 2489 411 2540 aaa
429 2473 466 2526 sit
482 2472 599 2540 pietate]
619 2473 685 2539 „die
705 2472 798 2528 Grtsse
851 2477 946 2530 andere
964 2475 1045 2545 heilig
1070 2479 1125 2532 sein
1151 2478 1251 2534 muss“.
1278 2485 1436 2534 —vestrae

211 2559 295 2613 seiner
308 2560 389 2614 kindl.
404 2560 511 2614 Liebe“.
531 2589 564 2599 -
583 2561 695 2630 amisso]
715 2562 796 2616 durch
850 2568 984 2633 potestati
1002 2568 1205 2636 commiserunt]
1231 2586 1329 2636 „eurer
1351 2572 1436 2622 amt-

210 2646 257 2702 das
276 2648 416 2716 Sehielisal,
435 2649 516 2703 daher
535 2651 745 2706 unversehuldet.
761 2681 795 2690 -
850 2655 1435 2725 lichenEntseheidunganheimgegeben“.-

209 2748 266 2792 meo·
282 2739 403 2806 aome'ae]
423 2755 443 2793 s.
464 2755 494 2792 zu
514 2739 529 2805 ἕ
548 2740 590 2794 63.
619 2769 651 2778 -
675 2739 795 2810 divellet]
850 2744 980 2798 bonoram
998 2751 1099 2800 mentes
1116 2723 1277 2814 confirmare
1347 2747 1435 2817 repri-

210 2827 483 2895 ‚‚gewaltsam(velle)
497 2828 716 2896 trennen(dis)“.
737 2829 795 2883 Zer-
849 2831 929 2900 mere]
949 2875 964 2900 ,‚
972 2833 1014 2887 die
1033 2832 1225 2902 Gutgesinnten
1245 2835 1273 2888 in
1290 2835 1365 2888 ihren
1383 2817 1436 2888 Aa

209 2915 306 2983 legung
324 2915 370 2968 des
388 2916 499 2984 Begriffs
524 2917 558 2970 im
577 2917 735 2972 Deutsehen.
760 2949 794 2957 -
849 2921 951 2976 sichten
976 2923 1115 2976 bestarken
1141 2953 1174 2965 -
1199 2924 1246 2977 der
1269 2923 1434 2992 Schleehtge-

208 3004 420 3073 eommeadava't]
438 3021 459 3058 s.
479 3006 493 3074 ξ
513 3006 573 3060 128.
849 3010 955 3064 sinntsn
966 3012 1193 3067 -unterdrflcken“.
1208 3042 1241 3052 -
1260 3028 1300 3066 me
1313 3013 1434 3081 reficere]

248 3104 305 3146 tet.
327 3091 393 3160 Sed]
416 3094 594 3160 abbreehend;
619 3096 676 3148 hier
699 3113 742 3149 um
763 3115 794 3150 zu
849 3100 940 3166 „mich
966 3101 1016 3153 mit
1039 3118 1130 3154 neusm
1155 3101 1314 3155 Lebensmut
1340 3119 1371 3155 zu
1395 3119 1433 3155 er-

208 3180 353 3236 sehiiessen.
381 3212 414 3221 -
439 3182 616 3252 receperunt]
642 3185 725 3253 §131
751 3203 795 3239 na·
848 3188 959 3244 ffillsn“.
996 3219 1026 3228 -
1064 3206 1196 3245 reeeeaare
1227 3191 1432 3259 rempublicam]

207 3271 332 3324 mentlieh
347 3271 393 3324 der
402 3271 506 3342 Tempel
521 3273 566 3326 des
576 3273 793 3342 kapitolinisehen
848 3277 913 3344 „die
932 3277 1092 3346 Verfassung
1106 3297 1166 3343 'neu
1191 3280 1372 3348 begrtinden“.
1398 3310 1432 3318 -

206 3359 319 3429 Jupiter.
335 3391 367 3398 -
382 3361 520 3428 stipatam
534 3363 581 3430 ab]
597 3364 793 3431 ungewtthnlich
846 3368 1012 3421 masalman
1029 3368 1095 3437 esse]
1115 3369 1221 3436 „meine
1239 3369 1367 3436 Rettung,
1385 3368 1433 3423 Et·

206 3449 248 3501 ter
266 3449 315 3502 den
334 3450 434 3503 blessen
453 3451 567 3505 Ablativ.
587 3481 620 3491 -
646 3469 703 3521 qua
720 3454 795 3508 sitit
846 3454 992 3524 haltung“.
1360 3458 1362 3462 ’

508 4319 580 4360 Druck
595 4333 636 4363 vau
653 4323 765 4364 Friedrich
780 4324 877 4366 Andreas
891 4325 987 4367 Parthos
1000 4326 1022 4367 in
1037 4328 1115 4368 Getta.
