3159 4759
530 303 576 356 pro
596 288 624 341 P.
644 286 728 340 Sestio
748 287 839 340 oratic.
877 304 898 339 c.
917 288 960 340 41.
978 287 1022 339 42.
1357 286 1389 344 93

158 447 217 528 qui
246 465 305 510 sua
335 448 421 510 tecta
451 446 607 523 defendit,
643 447 698 527 qui
733 449 772 511 ab
806 447 869 510 aris
898 446 975 510 fecis
1010 445 1130 511 ferrum
1160 447 1391 528 flammamque

158 553 300 634 depellit,
325 553 380 633 qui
403 553 462 617 sibi
484 553 579 616 licere
595 554 665 616 vult
688 554 759 616 tute
784 571 852 617 esse
876 552 909 616 in
932 552 1008 629 fore,
1032 553 1064 615 in
1084 554 1212 635 temple,
1234 555 1268 616 in
1292 555 1380 618 curia

158 660 227 722 inre
251 658 445 741 praesidium
469 660 648 741 comparat:
674 660 728 740 qui
742 660 935 735 vulneribus,
959 677 1040 740 quae
1057 660 1157 723 cernit
1180 660 1292 723 cotidie
1316 663 1392 724 tote·

157 784 298 848 corpore,
320 769 470 829 monetur
493 768 530 830 ut
554 766 659 846 aliquo
675 765 832 847 praesidio
856 768 953 848 eaput
975 768 1008 830 et
1028 767 1165 830 cervices
1189 767 1221 830 et
1243 766 1392 847 iugulum

157 891 197 936 ae
228 873 330 935 latera
362 873 502 946 tutetur,
534 873 620 935 hunc
650 872 688 936 de
717 872 749 935 vi
779 872 995 936 accusandum
1025 875 1142 954 putas?
1195 872 1274 950 Quis
1305 873 1389 936 enim
1404 893 1433 932 si

158 982 322 1056 nostrum,
354 979 489 1054 iudices,
520 978 645 1059 ignorat
667 979 715 1040 ita
737 981 888 1041 naturam
911 997 1019 1041 rerum
1042 979 1169 1054 tulisse,
1192 981 1229 1042 ut
1253 979 1390 1058 quodam

161 1089 305 1167 tempere
336 1085 480 1148 homines
509 1084 652 1148 nondum
681 1103 785 1165 neque
821 1084 963 1148 naturali
992 1102 1096 1164 neque
1126 1084 1211 1148 civili
1240 1085 1308 1148 iure
1338 1085 1390 1149 de·

160 1192 280 1272 scripto
303 1190 367 1253 fusi
390 1209 446 1272 per
469 1209 562 1271 agros
587 1209 623 1254 ac
647 1190 780 1272 dispersi
796 1193 991 1271 vagarentur
1013 1191 1205 1270 tantumque
1227 1191 1392 1263 haberent,

161 1298 322 1376 quantum
344 1315 442 1360 manu
466 1315 502 1360 ac
525 1297 644 1360 viribus
668 1315 724 1378 per
747 1297 877 1360 caedem
901 1315 937 1361 ae
958 1297 1090 1360 vulnere
1113 1299 1170 1360 eut
1193 1297 1312 1378 eripere
1336 1299 1393 1360 aut

161 1402 299 1466 retinere
329 1403 533 1484 potuissent?
586 1402 648 1480 Qui
676 1403 775 1483 igitur
805 1403 899 1484 primi
930 1404 1048 1466 virtute
1080 1405 1114 1466 et
1142 1403 1271 1466 consilio
1301 1421 1392 1485 prae-

161 1509 264 1572 stanti
287 1509 492 1585 exstiterunt,
523 1509 545 1571 ii
568 1511 733 1591 perspecto
765 1528 880 1590 genere
909 1511 1069 1572 humanae
1099 1509 1269 1573 docilitatis
1294 1512 1391 1590 atque

161 1615 282 1696 ingenii
305 1614 473 1697 dissipates
498 1634 599 1678 unum
621 1615 654 1678 in
678 1617 783 1679 lecum
807 1618 1041 1697 congregarunt
1064 1634 1180 1696 eesqne
1205 1635 1242 1679 ex
1265 1615 1391 1680 feritate

162 1722 219 1784 ille
252 1720 292 1784 ad
322 1722 480 1785 iustitiam
510 1725 606 1803 atque
638 1721 678 1784 ad
700 1722 980 1786 mansuetudinem
1003 1722 1264 1786 transduxerunt.
1311 1722 1393 1786 Tum

162 1846 214 1891 res
239 1828 279 1890 ad
302 1846 503 1892 communem
524 1830 708 1903 utilitatem,
733 1847 813 1910 quas
835 1828 978 1910 publicas
995 1828 1202 1910 appellemus,
1225 1831 1296 1891 tum
1320 1846 1392 1891 een-

162 2022 215 2060 eeea
229 2005 310 2072 tecta]
330 2011 349 2058 t.
368 2005 460 2056 immer
475 2004 521 2056 das
535 2003 609 2056 Haus
625 2004 674 2057 mit
693 2004 750 2057 dem
804 2004 861 2056 inre
885 2004 1018 2071 gentium,
1044 2003 1089 2056 sed
1117 2005 1198 2056 etiem
1221 2004 1323 2070 legibus
1347 2020 1391 2072 pe

162 2093 350 2161 Nebenbegriff
375 2093 420 2146 des
446 2092 625 2146 Schtitzenden
653 2095 751 2161 (tepere
805 2092 934 2160 pulcrum,
955 2091 1049 2160 quibus
1067 2092 1096 2144 in
1114 2091 1225 2158 singulis
1239 2091 1391 2143 civitatibus

164 2213 197 2221 -
216 2182 289 2234 Daeh
304 2181 357 2234 und
371 2181 459 2245 Fach).
480 2211 513 2219 -
533 2181 604 2246 tato]
624 2181 704 2233 Dativ
719 2198 751 2233 zu
805 2197 872 2249 resp.
888 2180 1080 2244 continetur“),
1099 2180 1179 2234 civile
1193 2179 1327 2247 dasjenige
1346 2179 1391 2232 des

160 2271 216 2326 sibi
240 2272 334 2336 licere,
363 2271 437 2323 nieht
459 2269 562 2322 Adverb
587 2269 650 2322 oder
672 2269 750 2322 Abla·
805 2269 937 2322 einzelnen
965 2267 1179 2336 Staatsbiirgers,
1213 2268 1319 2338 speziell
1346 2268 1392 2320 des

163 2361 209 2412 tir.
234 2389 268 2397 -
293 2360 324 2413 te
343 2359 449 2427 templo]
475 2375 546 2424 „von
572 2358 618 2410 der
636 2357 751 2411 Redner·
805 2357 957 2410 rdmisehen.
990 2387 1024 2394 -
1057 2362 1217 2425 tantamque
1249 2355 1391 2424 taberent]

162 2449 281 2501 blihne“.
301 2477 335 2485 —
355 2453 441 2515 capet
456 2454 482 2501 et
497 2447 609 2502 eervices
628 2452 654 2501 et
668 2447 750 2515 tapa—
806 2463 877 2511 „nur
904 2463 933 2499 sc
960 2445 1011 2498 viel
1033 2446 1159 2498 hatten“.
1188 2475 1221 2482 —
1253 2462 1340 2498 mareu
1359 2463 1392 2500 ac

162 2538 221 2590 tura
239 2553 272 2590 ae
291 2536 391 2603 latera]
411 2536 557 2604 Zerlegung
575 2536 620 2588 des
639 2535 750 2602 Begriffs
804 2535 924 2603 viribus]
939 2577 955 2600 „
963 2535 1046 2586 durch
1060 2535 1102 2587 die
1113 2534 1193 2587 Kratt
1205 2534 1252 2588 der
1260 2534 1357 2588 Ftuste
1364 2536 1388 2588 “.

162 2626 223 2679 cite
248 2625 330 2678 durch
349 2623 555 2694 Amplifikaticn.
592 2625 646 2677 Der
669 2641 750 2691 genae
805 2624 888 2691 §922
913 2629 1013 2677 cenna
1030 2623 1084 2676 vim
1101 2628 1129 2676 et
1145 2639 1261 2676 manem
1286 2640 1391 2691 „gegen

161 2713 225 2766 Sata
242 2714 280 2766 ist
298 2714 339 2766 ein
360 2730 447 2780 sogen.
462 2712 636 2767 rhetorisches
651 2712 750 2781 Enthy·
805 2713 867 2766 rohe
882 2710 1014 2766 Gewslt“.
1034 2740 1068 2750 —
1083 2727 1136 2779 per
1153 2711 1262 2764 eaedem
1280 2726 1313 2763 ae
1331 2712 1391 2763 cal-

163 2819 229 2854 mem
245 2801 520 2869 (Sehlulsfelgerung);
541 2819 561 2854 s.
577 2819 609 2854 zu
623 2802 638 2869 ξ
652 2802 695 2854 33.
716 2831 749 2839 -
804 2800 885 2869 acra]
904 2817 970 2869 per,
997 2817 1041 2852 um
1067 2800 1141 2852 nieht
1160 2799 1201 2852 die
1218 2799 1341 2852 Ablative
1360 2817 1391 2852 zu

160 2892 236 2945 lamae
254 2891 412 2960 ...putas]
438 2890 627 2959 entspreehend
652 2890 748 2957 griech.
805 2890 914 2955 hitufen,
942 2889 1049 2956 eigentl.
1075 2930 1090 2954 „
1098 2888 1181 2941 durch
1208 2887 1307 2940 Mord“
1335 2888 1392 2940 hin-

162 2985 198 3032 ἄν
217 2996 275 3031 cum
294 2981 403 3048 optativ.
806 2977 902 3042 durch,
927 2978 978 3030 alle
996 2977 1100 3048 Phesen
1125 2976 1171 3029 der
1193 2976 1392 3044 Entwickelung

806 3065 969 3129 andentend3
988 3081 1089 3119 weraus
1103 3065 1159 3117 sich
1173 3065 1220 3118 der
1232 3064 1334 3131 Begriff
1346 3065 1392 3118 der

199 3138 275 3206 591·
296 3138 338 3191 92·
371 3142 429 3190 ³11⁰
444 3143 553 3191 ΜΝ
568 3143 686 3190 b⁰fflh0¹¹
704 3142 752 3188 Μ
805 3154 857 3206 Art
875 3153 928 3206 und
946 3153 1032 3205 Weiss
1051 3153 1208 3206 entwiekelt.
1245 3153 1295 3206 Die
1313 3152 1390 3206 Ferm

160 3231 343 3281 (¹⁰11‘100‘10‘
356 3232 467 3291 3001ὶῖἒὶ
481 3230 548 3278 Wil'd
562 3231 645 3278 ‘lim'
659 3233 749 3278 unm·
805 3242 852 3295 der
882 3242 1060 3294 rhetorischen
1088 3240 1172 3309 Frage
1204 3241 1287 3310 (Quis
1319 3243 1392 3295 enim

161 3318 748 3380 drtckt,setrittdiedewaltinihreneehte.
804 3331 917 3399 imag
935 3329 1010 3397 ....9)
1041 3330 1115 3398 giebg
1143 3329 1189 3382 ,101
1213 3328 1392 3398 Behaupgmg

201 3434 241 3474 ar.
274 3421 327 3474 Der
354 3421 506 3490 Peragraph
538 3421 643 3474 enth‘dlt
675 3420 750 3472 einen
804 3418 937 3485 grdsseren
955 3419 1121 3472 Nachdruelr.
1146 3448 1178 3455 -
1202 3433 1301 3486 genere
1317 3419 1390 3472 tum.

161 3511 237 3564 leem
262 3509 410 3563 eommwaa's
435 3510 498 3562 tiber
522 3508 564 3562 die
581 3509 750 3576 Netwendig·
805 3507 874 3574 dcc]
898 3507 953 3560 Das
971 3507 1127 3560 Substantiv
1143 3522 1231 3576 penus
1250 3506 1323 3559 dient
1341 3524 1392 3560 nur

161 3598 218 3650 lreit
248 3597 294 3650 des
317 3597 430 3662 Rechts,
459 3614 503 3649 um
528 3598 575 3650 das
599 3597 749 3650 Herrsehen
805 3612 851 3648 zur
884 3595 1031 3648 schtrferen
1058 3596 1236 3666 Auspriigung
1270 3595 1315 3648 des
1343 3593 1392 3649 Ge·

162 3687 209 3739 der
223 3683 325 3738 Gewalt
344 3702 375 3738 zu
390 3684 543 3738 vermeiden.
564 3714 597 3722 -
615 3690 750 3739 naturam
804 3684 934 3738 dankens:
967 3684 1037 3751 „der
1063 3684 1313 3752 Eigenttimliehkeit
1344 3684 1391 3736 der

160 3774 269 3841 rerum]
299 3773 369 3840 „der
396 3774 543 3826 nattirliehe
566 3774 675 3827 Verlauf
703 3774 750 3826 der
804 3773 997 3826 menschliehen
1010 3771 1301 3840 Bildungsmhrgleit“,
1320 3777 1392 3825 nim·

159 3863 248 3932 Dinge
266 3879 294 3916 es
319 3879 348 3916 sa
366 3863 416 3915 mit
435 3863 490 3915 sieh
509 3862 649 3928 brachte“,
674 3862 749 3915 nicht
803 3861 856 3914 lich
869 3861 906 3914 im
920 3861 1039 3928 Vorzuge
1053 3876 1098 3913 vor
1112 3860 1224 3914 anderen
1238 3861 1341 3914 Wesen.
1358 3891 1391 3898 -

161 3951 228 4018 „die
246 3950 366 4004 Natur“.
387 3981 420 3989 -
439 3951 559 4018 qaedam
572 3949 699 4020 tempere]
715 3974 747 3993 --
803 3949 925 4016 feritate]
958 3965 1029 4015 „aus
1062 3948 1119 4002 dem
1152 3949 1284 4002 Zustande
1315 3952 1391 4015 (aaa

159 4039 307 4110 quendem.
334 4069 367 4077 —
399 4055 486 4108 eraque
512 4040 640 4093 natarali
663 4054 749 4107 acque
803 4039 866 4106 52)
883 4039 930 4090 der
942 4037 1101 4091 Wildheit“.
1122 4067 1156 4075 —
1175 4037 1214 4091 ad
1230 4043 1390 4092 memacte-

161 4128 238 4182 civite‘
265 4128 339 4196 iare]
371 4127 426 4180 Des
450 4127 614 4181 Natumeeht
640 4128 677 4180 ist
701 4127 748 4180 das
804 4126 907 4192 dinem]
934 4142 1002 4191 „zur
1027 4123 1202 4193 Gesittung“.
1227 4155 1261 4164 -
1285 4142 1329 4180 ree
1353 4126 1392 4179 ad

161 4233 249 4284 segen.
268 4216 440 4270 lekerreeht
457 4216 519 4283 (vgl.
535 4215 748 4281 cleoneae:
804 4231 970 4269 oecumenem
993 4213 1155 4282 utilitatem]
1182 4215 1232 4268 Die
1257 4215 1391 4268 unmittel·

162 4321 267 4374 „neque
286 4321 346 4358 vere
363 4305 413 4358 hee
432 4304 515 4358 selum
529 4307 632 4371 natura,
651 4304 679 4357 id
697 4306 747 4370 est,
803 4304 865 4357 here
891 4303 1063 4372 Verbindung
1097 4304 1188 4358 zweier
1215 4303 1303 4357 Subst.
1336 4319 1390 4356 ver·
