3159 4759
201 278 252 340 104
672 283 708 335 Μ.
727 282 808 335 Tullii
825 281 955 336 Ciceronis
1002 331 1025 370 t

200 441 316 504 summi
332 442 391 504 viri
414 444 447 505 et
462 445 697 506 conservatores
721 443 858 506 civitatis
874 445 1038 524 putantur.
1076 443 1189 524 Neque
1212 445 1297 508 enim
1317 462 1430 507 rerum

199 548 410 628 gerendarum
440 548 594 628 dignitate
622 549 766 611 homines
796 547 899 612 efferri
929 549 975 612 ita
1006 549 1167 626 convenit,
1201 553 1239 612 ut
1268 551 1332 613 otio
1361 569 1427 614 non

198 654 407 736 prospiciant,
445 673 549 735 neque
584 655 687 716 ullum
723 655 895 736 amplexari
929 655 1046 731 otium,
1086 656 1169 736 quod
1204 657 1372 720 abhorreat
1406 675 1429 719 a

156 839 160 848 ι
199 761 363 841 dignitate.

145 871 188 929 46
287 866 419 929 Η6166
449 858 584 928 autem
614 865 769 929 otiosae
800 865 1023 945 dignitatis
1050 867 1130 930 haec
1158 866 1428 931 fundamenta

199 975 289 1048 sunt,
318 974 398 1036 haec
420 972 578 1047 membra,
609 989 690 1051 quae
713 971 833 1034 tuenda
855 971 1049 1053 principibus
1078 977 1111 1036 et
1133 974 1184 1036 vel
1207 974 1319 1055 capitis
1343 975 1426 1055 peri·

199 1080 269 1143 culo
285 1078 483 1142 defendenda
499 1080 590 1140 sunt:
615 1077 791 1158 religiones,
808 1078 958 1159 auspicia,
974 1081 1151 1159 potestates
1166 1080 1425 1160 magistratuum,

199 1188 328 1249 senatus
353 1185 534 1261 auctoritas,
558 1185 653 1264 leges,
677 1202 745 1246 mos
768 1184 939 1260 maiorum,
962 1183 1087 1260 iudicia,
1109 1185 1187 1248 iuris
1211 1186 1314 1261 dictio,
1336 1186 1424 1262 fides,

156 1292 391 1374 caprotinoiae,
423 1291 512 1367 66611,
541 1290 666 1372 imperii
694 1291 781 1365 laus,
813 1308 863 1352 res
893 1290 1057 1366 militaris,
1087 1292 1254 1354 aerarium.
1299 1292 1423 1355 Harum

198 1417 305 1462 rerum
335 1399 384 1461 tot
412 1399 507 1477 atque
537 1398 703 1459 tantarum
733 1414 803 1459 6666
826 1395 1024 1459 defensorem
1054 1399 1086 1460 et
1114 1400 1285 1479 patronum
1315 1398 1424 1478 magni

198 1505 296 1568 animi
320 1506 378 1580 est,
401 1503 509 1584 magni
523 1502 642 1583 ingenii
669 1520 867 1583 magnaeque
895 1502 1100 1566 constantiae.
1137 1503 1265 1567 Etenim
1284 1504 1318 1567 in
1333 1505 1424 1567 tanto

198 1611 315 1674 civium
348 1628 480 1673 numero
510 1626 628 1690 magna
662 1608 837 1671 multitudo
872 1610 921 1671 est
955 1626 1081 1685 eorum,
1117 1611 1172 1690 qui
1206 1612 1263 1674 aut
1295 1612 1423 1692 propter

197 1720 321 1781 metum
351 1734 485 1798 poenae,
519 1717 722 1797 peccatorum
756 1733 887 1778 suorum
918 1715 1049 1791 conscii,
1082 1733 1180 1779 novos
1214 1719 1321 1779 motus
1351 1734 1424 1779 con·

197 1824 421 1903 versionesque
455 1822 502 1884 161
535 1821 680 1903 publicae
717 1823 893 1902 quaerant,
935 1823 993 1884 aut
1032 1822 1087 1902 qui
1120 1824 1250 1903 propter
1288 1821 1421 1884 insitum

199 1929 357 2011 quendam
381 1928 478 1991 animi
501 1927 640 1991 furorem
664 1926 827 1990 discordiis
857 1927 974 1990 civium
1006 1945 1042 1990 aa
1065 1927 1220 1990 seditione
1242 1930 1426 2009 pascantur,

199 2039 256 2099 aut
286 2037 340 2115 qui
369 2036 497 2117 propter
530 2033 779 2116 implicationem
814 2033 859 2096 rei
893 2033 1059 2096 familiaris
1091 2033 1250 2097 communi
1278 2033 1425 2097 incendio

197 2142 312 2205 malint
342 2158 439 2220 quam
470 2159 526 2203 suo
561 2138 744 2220 deflagrare.
791 2137 854 2217 Qui
884 2158 957 2202 cum
988 2141 1132 2203 auctores
1163 2142 1239 2202 sunt
1270 2142 1302 2203 et
1325 2139 1425 2202 duces

197 2335 233 2387 ist
261 2334 385 2403 dignitas
409 2357 444 2376 =
469 2333 590 2386 alienius
618 2333 732 2386 honesta
759 2337 784 2386 et
837 2331 993 2385 thiedeus“.
1022 2359 1055 2368 -
1083 2331 1215 2400 membra]
1243 2331 1424 2399 „Elementc“

197 2423 275 2477 cuitu
299 2428 324 2476 et
342 2423 443 2476 honore
466 2427 492 2476 et
509 2421 676 2474 verecundia
695 2420 784 2490 digna
836 2421 945 2487 (Halm).
971 2449 1005 2458 —
1034 2421 1139 2475 tuenda
1237 2419 1423 2489 defendenda]

197 2513 369 2579 6661661166,
402 2511 457 2563 6166
484 2511 541 2563 eine
568 2509 713 2580 porsdnlich
740 2525 783 2576 ge·
837 2509 910 2562 taem
933 2509 991 2575 „im
1010 2509 1085 2576 Auge
1102 2509 1209 2562 haben“
1233 2510 1288 2562 und
1309 2509 1424 2562 insofem

197 2601 280 2666 ehrte,
294 2600 432 2668 geachtets
440 2599 563 2666 Stellung
572 2599 607 2651 im
617 2597 783 2651 dffentlichen
838 2597 963 2663 „wahren
971 2599 995 2662 “,
1015 2597 1161 2662 defendere
1181 2596 1367 2663 „Feindliches
1381 2598 1425 2650 ab·

197 2689 335 2742 leben—
349 2704 441 2742 aarum
448 2704 504 2757 per.
515 2687 663 2756 dignitate]
679 2686 783 2752 „durch
837 2686 939 2738 wahren
966 2684 1141 2753 (de-fendo),
1170 2686 1360 2754 verteidigon“.
1389 2714 1424 2723 -

197 2778 244 2830 das
263 2778 399 2844 Ansehen,
425 2777 535 2830 welches
559 2777 616 2829 eine
635 2776 676 2828 die
694 2776 783 2828 innere
836 2774 993 2842 religiones]
1023 2773 1173 2840 „Kultus“.
1201 2805 1235 2814 -
1264 2774 1424 2842 potestates]

197 2867 295 2920 Politilr
331 2865 552 2930 beherrseheude‚
594 2863 783 2916 bestimmende
838 2862 1114 2930 ‚,dieAmtsgewalt“.
1142 2863 1232 2916 Plural
1245 2864 1427 2931 ingenanercr

197 2955 350 3022 Thatigkeit
380 2954 523 3006 verleiht“.
571 2953 620 3005 Die
652 2952 782 3019 Stellung,
837 2951 1012 3018 Anffassung,
1037 2951 1095 3004 weil
1117 2968 1146 3004 66
1169 2952 1226 3004 sich
1244 2969 1288 3004 um
1306 2952 1426 3004 mehrerc

197 3044 293 3096 welche
308 3043 364 3096 eine
378 3042 509 3110 derartige
523 3041 661 3110 politische
675 3041 783 3108 Thatig·
837 3028 929 3092 hmter
956 3040 1074 3093 handelt.
1103 3067 1136 3076 -
1163 3040 1289 3107 indicia]
1318 3039 1424 3106 „Strui-

198 3132 252 3185 keit
267 3131 384 3196 verleiht,
401 3131 472 3182 kann
485 3130 566 3182 leieht
580 3129 629 3182 den
643 3129 782 3182 Einzslnen
837 3128 1030 3198 rechtspflege“
1055 3129 1092 3181 im
1118 3127 1264 3196 Gegensatz
1292 3146 1323 3181 zu
1350 3129 1426 3182 iaris

198 3221 264 3273 daza
282 3219 423 3272 hinreilsen
442 3219 574 3285 (efferre),
593 3218 642 3270 den
662 3219 782 3271 obersten
837 3216 1424 3286 dictio„biirgerlicheReohtsprechung“.-

198 3306 346 3362 Grundsata
372 3307 417 3359 der
441 3307 709 3374 Aufrechterhaltung
737 3305 783 3358 der
836 3305 914 3372 116166]
934 3305 1004 3371 ,,(161
1021 3305 1169 3358 dffentliche
1186 3305 1310 3359 Kredit“.

196 3393 782 3462 bestehendenOrdnungcuvernachliissigen
875 3405 915 3446 69.
944 3392 1111 3458 defaecarem
1135 3410 1170 3448 ac
1187 3392 1350 3462 patronam]
1376 3393 1424 3446 das

197 3483 644 3552 (atotiononprospiciantiund
659 3481 782 3536 116611111-
836 3485 934 3534 erstare
961 3482 995 3534 im
1021 3481 1130 3552 Kampsa
1157 3499 1239 3549 gegen
1267 3482 1317 3534 den
1341 3481 1424 3534 Ileind

197 3572 333 3639 gebungen
363 3571 409 3624 des
436 3572 615 3640 persdnliohen
642 3571 782 3639 Ehrgeizes
835 3571 971 3637 (negativ),
990 3570 1037 3623 das
1056 3571 1145 3625 aweite
1164 3571 1204 3624 als
1222 3571 1358 3624 Vertreter
1376 3570 1423 3623 der

197 3677 228 3712 zu
246 3660 340 3726 folgen.
378 3659 531 3712 Auderseits
556 3660 616 3713 darf
635 3661 697 3713 aber
715 3659 781 3712 auch
835 3658 935 3711 Rechts
953 3659 1078 3728 (positis).
1098 3688 1132 3697 —
1150 3676 1233 3714 novas
1250 3665 1342 3713 niotns
1359 3675 1423 3730 eom

197 3749 238 3801 die
256 3748 404 3801 iiffentliche
418 3747 494 3801 Rnhe
511 3748 586 3801 nicht
604 3749 708 3802 erhauft
726 3749 782 3801 sein
836 3747 1023 3816 sermonesque
1037 3748 1116 3816 reip]
1136 3747 1381 3814 „Rovolutionen“;
1400 3763 1422 3800 s.

197 3836 279 3889 durch
315 3836 494 3903 Preisgebung
534 3836 580 3890 der
615 3836 781 3890 dffentlichen
835 3836 912 3904 592,
932 3853 963 3889 au
981 3836 1042 3890 vita
1057 3853 1087 3904 p.
1107 3836 1289 3890 humanitate.
1309 3865 1343 3874 —
1365 3835 1423 3889 dis-

196 3923 402 3992 llhronstellung
416 3925 471 3976 und
484 3925 530 3978 des
543 3925 722 3994 persdnlichsn
729 3924 782 3977 An·
836 3923 949 3992 canaiis]
964 3925 1043 3978 meist
1051 3925 1088 3977 im
1097 3924 1177 3992 Plan,
1192 3925 1239 3978 wie
1248 3924 1422 3992 inimicitiae,

197 4013 290 4066 sehens
316 4013 482 4081 (ammianum
508 4015 596 4069 utinm
628 4013 702 4082 qimai
734 4014 781 4068 ab·
836 4013 894 4066 weil
911 4013 1069 4081 wenigstens
1087 4014 1179 4066 immer
1196 4013 1258 4066 arvei
1276 4013 1343 4080 (dia)
1360 4012 1423 4065 Pan

195 4103 307 4156 horream
325 4119 344 4155 a
362 4102 519 4170 dignitate).
837 4102 906 4154 teien
919 4106 1135 4156 voranszusetasn
1154 4102 1221 4156 sind.
1241 4131 1275 4140 —
1293 4100 1422 4155 incendia

231 4188 309 4256 Kap.
325 4189 377 4246 46.
403 4191 506 4245 otiosae
516 4190 675 4259 dignatatis]
693 4190 781 4257 „Ehre
911 4190 1079 4260 deflagrare]
1108 4191 1209 4258 „lieber
1234 4191 1263 4243 in
1290 4190 1349 4242 dem
1374 4189 1424 4243 Zu-

196 4278 246 4331 mit
264 4277 405 4347 Ordnung,
432 4280 596 4333 ehrenvollen
615 4279 780 4333 dffentlichen
836 4284 1024 4332 summensturz
1043 4280 1089 4333 dos
1102 4296 1201 4348 ganaen
1219 4278 1324 4332 Staates
1336 4278 1376 4331 616
1393 4279 1422 4331 in
