3159 4759
496 314 543 367 pro
561 298 590 352 P.
610 297 695 351 Sestio
714 297 806 352 oratio.
843 315 865 351 0.
883 297 927 352 35.
946 298 989 352 36.
1323 295 1360 356 85

127 457 321 521 concitatam
343 459 533 520 nocturnam
564 457 751 521 seditionem
781 457 852 538 quis
882 457 1026 521 audivit?
1078 459 1225 522 tin-veri
1255 458 1402 522 similare

126 565 194 640 est,
218 565 256 626 ut
286 562 362 627 civis
386 564 550 627 Romanus
574 567 631 626 aut
660 564 754 627 homo
778 563 858 627 liber
887 564 1058 644 quisquam
1088 582 1162 627 cum
1192 564 1296 645 gladio
1325 565 1359 627 in

128 668 234 732 forum
258 668 456 743 descenderit
479 670 553 732 aute
576 669 695 745 lucem,
726 687 767 732 00
791 669 829 732 de
853 687 904 732 me
927 668 1003 733 10001
1025 671 1203 751 pateretur,
1232 671 1359 751 praeter

129 792 198 850 eos,
223 774 278 855 qui
302 775 341 838 ab
364 775 419 838 illo
442 773 591 856 pestifero
621 792 658 838 ac
681 775 805 856 perdito
828 775 888 838 civi
910 775 975 837 iam
997 774 1121 856 pridem
1143 775 1190 838 rei
1212 775 1357 857 publicae

127 880 284 960 sanguine
315 880 526 960 saginantur?
572 880 633 944 Hic
662 880 727 943 iam
758 879 796 943 de
826 865 894 962 ipso
925 881 1109 949 accusatore
1141 899 1274 962 quaero,
1305 881 1361 962 qui

128 985 165 1049 P.
190 986 331 1049 Sestium
356 987 502 1067 queritur
525 1005 599 1050 cum
621 985 829 1050 multitudine
858 987 892 1049 in
914 987 1082 1050 tribunatu
1112 988 1145 1050 et
1172 1006 1246 1050 cum
1268 1005 1360 1069 prae-

128 1091 209 1156 sidio
233 1111 349 1173 magno
373 1091 488 1168 fuisse,
516 1110 596 1154 num
619 1092 673 1155 illo
698 1092 748 1155 dio
778 1091 898 1155 fuerit?
945 1091 1038 1156 Certe
1061 1110 1126 1155 non
1148 1091 1218 1155 fuit.
1264 1092 1360 1156 Victa

129 1198 302 1279 igiturest
331 1216 429 1261 causa
457 1197 687 1280 reipublicae,
719 1199 751 1262 et
780 1198 865 1261 victa
887 1217 950 1262 non
974 1197 1139 1280 auspiciis,
1168 1217 1232 1262 non
1262 1198 1361 1262 inter·

128 1304 280 1380 cessione,
303 1322 367 1367 non
391 1302 558 1384 suffragiis,
583 1303 638 1366 sed
661 1303 702 1380 vi,
725 1321 833 1380 manu,
856 1303 947 1367 ferro.
985 1304 1071 1367 Nam
1094 1305 1122 1368 si
1138 1305 1360 1368 obnuntiasset

129 1409 273 1473 Fabricio
296 1410 323 1473 is
347 1411 489 1492 praetor,
520 1409 576 1490 qui
606 1427 640 1472 se
664 1427 808 1473 servasse
840 1409 878 1474 de
908 1411 995 1474 caelo
1019 1410 1156 1487 dixerat,
1186 1411 1361 1493 accepisset

129 1534 181 1579 res
209 1515 336 1597 publica
363 1516 507 1596 plagam,
538 1515 594 1580 sed
622 1533 693 1579 eam
724 1533 821 1596 quam
846 1519 1007 1598 acceptam
1031 1535 1157 1598 gernere
1180 1519 1304 1598 posset;
1333 1517 1361 1580 si

129 1621 365 1685 intercessisset
388 1623 509 1702 collega
531 1621 689 1698 Fabricio,
719 1622 867 1686 laesisset
895 1641 965 1685 rem
992 1623 1168 1704 publicam,
1198 1622 1252 1686 sed
1277 1623 1360 1704 [rem

129 1726 305 1808 publicam]
329 1727 398 1790 1000
422 1727 577 1791 100010001.
624 1726 825 1792 Gladiatores
848 1730 886 1791 tu
913 1729 1069 1804 novicios,
1098 1747 1155 1810 pro
1178 1730 1361 1810 exspectata

130 1832 292 1896 aedilitate
317 1833 513 1915 suppositos,
544 1853 617 1897 cum
647 1834 767 1922 sicariis
798 1853 815 1897 0
845 1853 970 1898 0000000
1001 1835 1126 1898 emissis
1154 1836 1228 1898 aute
1255 1835 1360 1899 lucem

168 2090 209 2134 78.
235 2078 283 2131 An
308 2079 367 2133 aeri
390 2079 478 2133 simila
503 2079 554 2146 001]
582 2070 653 2133 Uber
676 2079 718 2132 die
772 2096 820 2132 ner
833 2079 1100 2148 eineVerhinderung
1113 2080 1160 2132 der
1173 2080 1360 2148 Abstimmung

128 2166 213 2235 lhage
236 2167 287 2220 mit
311 2184 350 2220 an
374 2185 405 2220 zu
425 2167 441 2234 ξ
459 2167 502 2221 41.
529 2197 563 2205 -
587 2166 632 2235 at]
651 2167 718 2220 nach
772 2167 933 2221 vermittelst
947 2167 993 2220 der
1010 2168 1190 2221 obnuntiatio
1207 2168 1249 2220 fiir
1261 2170 1361 2234 gesetz·

129 2256 189 2310 veni
212 2256 301 2309 simile
323 2261 363 2310 001
388 2255 462 2309 01011
485 2256 553 2308 diter
577 2273 612 2308 an
636 2255 718 2309 Stella
772 2256 826 2309 lieh
849 2256 973 2323 gehalten
991 2256 1077 2309 haben
1100 2257 1136 2309 im
1154 2256 1292 2326 Verglcich
1310 2256 1361 2308 mit

129 2344 177 2396 (100
195 2342 289 2397 Aecus.
313 2345 364 2396 mit
381 2344 446 2410 Inf.,
471 2361 517 2397 um
542 2344 584 2397 die
601 2344 719 2397 Vorstel·
773 2344 832 2398 dem
855 2345 1041 2412 gewaltsamen
1064 2344 1202 2413 Vorgehen
1230 2345 1276 2398 des
1303 2343 1360 2399 Clo·

128 2432 196 2499 lung
210 2431 255 2484 des
268 2432 509 2499 Niehtwirlrliohen,
528 2431 719 2500 Unmdglichen
773 2431 840 2485 dius.
860 2461 894 2471 —
917 2434 1125 2501 accepisset
1145 2432 1294 2501 acceptam]
1319 2433 1361 2486 die

129 2521 343 2588 auszudn'icken,
375 2522 423 2574 wie
455 2522 521 2575 nach
548 2522 719 2575 husdriiokan
773 2537 802 2573 00
820 2520 908 2574 daun
926 2521 1020 2587 (durch
1034 2521 1082 2574 das
1095 2521 1213 2590 Particip
1228 2538 1278 2574 von
1292 2521 1361 2574 dem·

129 2611 392 2676 entgegengesetzter
429 2593 603 2677 Bedeutung'
621 2612 654 2676 (z.
687 2610 718 2664 B.
774 2609 1360 2678 selbenWortausgedrdcktlhdtteusd.-

128 2698 281 2766 annosam
295 2697 352 2764 cst]‚
367 2715 410 2751 um
421 2698 463 2752 die
471 2698 656 2752 Wirldiehkeit
665 2699 718 2752 und
771 2713 875 2766 9000000
889 2697 995 2766 posset]
1019 2699 1198 2766 ,‚wenigstens
1217 2715 1267 2752 nur
1284 2699 1361 2752 111110

130 2786 304 2853 Moglichkeit
312 2787 602 2842 comdentem-cam
609 2787 718 2858 plodio]
772 2785 911 2839 beseufzen
938 2787 1063 2839 kbnnen“
1097 2787 1183 2853 (nieht
1215 2787 1278 2840 aber
1305 2787 1361 2840 sich

131 2875 206 2941 „mit
218 2875 302 2928 sinam
315 2875 446 2930 Schwarte
461 2876 628 2930 bewaffnet“.
657 2893 720 2930 cnm
774 2873 887 2927 dariiber
904 2874 954 2928 mit
966 2875 1052 2929 Recht
1065 2875 1248 2941 besehweren).
1280 2876 1362 2929 Deut-

131 2963 206 3016 dient
225 2962 298 3028 datu,
318 2964 365 3017 das
379 2963 568 3018 Versehensein
586 2964 636 3017 mit
649 2964 720 3016 01000
774 2962 836 3016 0010
863 2963 1096 3017 determinierende
1122 2963 1270 3018 Aduerbien
1302 2965 1362 3018 sind

131 3050 214 3104 Socho
228 3052 435 3106 auszudriioken:
454 3053 533 3118 582:
553 3054 719 3122 „paenulam
774 3051 836 3108 sehr
860 3052 900 3104 011
921 3052 957 3105 im
980 3053 1220 3120 Zusammenhange
1244 3053 1290 3106 dos
1312 3053 1378 3107 lat.-

131 3157 192 3192 cum
225 3157 277 3210 qua
308 3141 417 3194 Romam
444 3143 583 3195 venerat“.
629 3143 644 3210 ἓ
671 3140 719 3195 57:
774 3138 869 3192 Testes
893 3157 926 3192 au
950 3147 1085 3208 ergdnaen.
1126 3131 1198 3194 11100
1222 3141 1313 3207 ,,000“
1340 3157 1362 3194 0.

132 3245 346 3299 „cumpurpura
363 3231 539 3300 etsceptro“.
572 3230 626 3283 Das
645 3231 720 3283 deut-
775 3227 857 3294 §12
901 3229 1006 3296 5100:
1031 3231 1121 3295 „nutu
1146 3229 1237 3295 (011010
1260 3229 1362 3282 00100

132 3317 193 3371 0010
216 3317 333 3387 Particip
356 3319 514 3386 (bawaffnat)
542 3319 579 3372 101
606 3320 648 3372 rur
672 3319 720 3372 das
774 3315 858 3369 durch
871 3316 946 3370 01000
956 3316 1045 3382 Wink)
1058 3317 1262 3387 impelluntur“.
1288 3318 1361 3385 §602

131 3406 190 3459 Lat.
223 3406 387 3475 iiberfliissig.
420 3437 454 3446 -
486 3408 555 3476 reip.
583 3407 721 3477 sananim
775 3407 887 3471 „manet
905 3405 1026 3472 tamen“,
1052 3405 1157 3472 „bleibt
1173 3405 1241 3458 dooh
1263 3405 1361 3459 noeh“.

132 3494 314 3563 supinantur]
334 3495 412 3562 „sich
429 3497 481 3548 mit
498 3495 556 3549 dem
576 3496 720 3550 Herzblute
774 3493 856 3561 §622
883 3510 986 3563 „regno
1009 3494 1079 3546 enim
1102 3494 1155 3546 iam
1178 3494 1312 3564 publicato
1330 3493 1362 3546 de

131 3582 439 3638 consummantem.
454 3615 489 3622 —
503 3583 630 3652 0101010]
646 3585 721 3650 „und
774 3581 832 3650 ipso
846 3580 945 3635 Catone
962 3585 1021 3634 0001
1038 3582 1191 3635 nominatim
1210 3582 1363 3650 rogatum“,

132 3672 239 3737 cwsr“,
272 3677 298 3725 01
330 3672 478 3742 explikativ.
528 3672 577 3725 Die
608 3672 721 3740 Begriffe
776 3670 952 3737 „erstnaoh
966 3670 1064 3723 bereits
1077 3670 1202 3738 erfolgter
1215 3669 1363 3737 Versteige-

133 3759 322 3828 „gesetalioh“
352 3761 406 3814 und
435 3761 632 3829 ,‚gewoltssm“
662 3761 721 3814 sind
775 3775 844 3826 nmg
867 3758 913 3812 dos
937 3757 1079 3812 Reiches“.
1109 3788 1143 3797 -
1175 3763 1207 3812 tn
1228 3757 1362 3824 novicios]

130 3848 259 3917 jedesmal
284 3848 367 3902 durch
385 3848 584 3919 Amplifikation
607 3849 721 3902 dreifach
774 3847 807 3902 In
829 3847 979 3915 unwilligen
997 3845 1182 3916 Apostrophen
1204 3846 1287 3916 pilegt
1309 3845 1361 3900 Cic.

16 3965 20 3970 ·
132 3936 317 4005 ausgedriicht.
346 3965 379 3974 -
411 3939 437 3992 10
463 3936 592 4006 praemi]
620 3935 721 4007 Appius
775 3937 824 3989 das
850 3935 1116 4004 Personalprouomen
1143 3940 1175 3988 ta
1206 3951 1238 3987 zu
1266 3937 1362 3988 setaen.

134 4026 260 4081 Claudius
270 4026 390 4079 Pulcher.
413 4026 463 4079 Dic
476 4025 655 4081 obnuntiatio
668 4041 722 4078 war
775 4023 791 4094 ξ
816 4025 883 4078 111:
907 4021 1019 4090 „Quidi
1045 4027 1076 4076 tu
1099 4039 1156 4076 meo
1179 4022 1294 4092 periculo

134 4115 217 4169 durch
236 4115 278 4168 die
298 4116 341 4170 100
356 4113 455 4170 Olodia
468 4116 503 4169 dc
517 4114 654 4184 auspiciis
668 4115 722 4167 001-
775 4112 969 4167 1011001000111
994 4111 1144 4180 Angeredet
1152 4111 1190 4165 ist
1198 4110 1313 4165 Clodius.
1329 4139 1363 4149 -

132 4204 268 4272 gehoben,
296 4203 392 4257 welche
420 4203 461 4257 dio
489 4204 532 4258 lan
558 4203 641 4258 Aelia
667 4203 722 4256 und
771 4219 826 4273 pro
848 4206 1005 4270 0000001010
1030 4199 1173 4254 aedilitate
1197 4197 1363 4268 supposita]

133 4295 220 4362 Fufia
233 4293 379 4362 beseitigte.
412 4293 537 4347 Dennooh
554 4292 642 4346 wdrde
655 4291 722 4346 Red-
775 4291 826 4344 Die
844 4289 1015 4345 Gladiatoren
1032 4305 1119 4342 waren
1137 4285 1365 4355 untergeschohen
