3159 4759
186 274 236 332 rao
658 273 693 325 n.
713 272 791 324 sulm
811 272 940 326 Ciceronis
1011 260 1012 263 ’

184 439 313 500 uiuam
349 435 604 498 adhiberetis
640 433 700 496 rei
734 433 935 514 publioae.
990 432 1061 496 Non
1096 451 1133 496 ea
1168 435 1218 496 est
1247 433 1416 511 medicina,

184 561 256 606 oum
287 560 382 606 sanae
412 540 496 624 parti
526 541 663 622 eorporis
695 539 881 620 scalpellum
917 539 1089 603 adhibetur
1119 542 1215 619 atque
1250 541 1412 621 integrae;

183 648 363 712 oaruilioina
393 649 442 710 est
472 646 534 708 ista
559 649 591 710 et
614 645 804 709 erudelitas:
835 646 863 708 ei
893 628 1063 709 medentur
1093 647 1139 709 rei
1167 646 1326 728 publium,
1358 648 1413 727 qui

126 775 169 816 aa
183 757 330 820 exsaoaut
359 757 483 836 pestem
513 753 655 832 aliquam
683 754 851 832 tamquam
881 755 1039 815 strumam
1069 752 1216 816 divitatis.
1263 752 1338 816 Sed
1367 756 1413 816 ut

183 865 407 926 extremum
429 859 578 922 habeat
602 858 760 940 aliquid
784 859 917 922 oratio
949 877 1034 921 mea
1064 861 1095 921 et
1122 861 1160 920 ut
1187 877 1244 939 ego
1268 862 1342 922 ante
1366 859 1413 921 di-

183 966 272 1032 aendi
295 966 391 1029 finem
413 963 529 1028 faniam
554 983 651 1044 quam
674 983 728 1028 vos
753 983 804 1028 me
828 967 896 1028 tam
921 968 1043 1028 attente
1068 964 1225 1040 audiendi,
1249 966 1412 1029 oonolu-

182 1073 271 1138 darn
301 1071 405 1134 illud
436 1070 480 1133 de
511 1061 788 1151 optimatibus
813 1089 985 1151 eorumque
1009 1070 1202 1152 principibus
1227 1089 1263 1134 ao
1286 1072 1331 1134 rei
1354 1091 1412 1153 pu-

182 1181 281 1244 blioae
306 1177 537 1251 defensoribus,
565 1194 732 1257 vosque,
763 1177 1067 1253 adulescentes
1099 1179 1137 1241 et
1161 1177 1230 1257 qui
1252 1178 1411 1241 nobiles

183 1286 302 1362 estis,
335 1285 381 1348 ad
411 1283 610 1347 maiorum
638 1284 871 1347 vestrorum
902 1284 1180 1347 imitationem
1211 1285 1412 1360 excitabo,

182 1395 221 1456 et
245 1392 312 1472 qui
335 1389 571 1472 ingenio‘ao
594 1390 752 1453 virtute
775 1389 1044 1453 nobilitatem
1066 1389 1248 1471 potestis
1272 1408 1413 1454 oonse·

183 1500 266 1580 qui,
298 1497 345 1561 ad
369 1516 454 1561 eam
477 1496 694 1572 rationem,
724 1496 763 1558 in
796 1514 871 1576 qua
900 1496 1021 1559 multi
1049 1495 1234 1559 homines
1257 1497 1350 1559 novi
1373 1499 1413 1559 et

126 1606 332 1668 inhonore
357 1607 395 1667 et
419 1602 551 1684 gloria
574 1601 830 1679 floruerunt,
861 1603 1119 1666 oo'hortabor.
1164 1601 1252 1665 Haeo
1275 1605 1324 1666 est
1347 1621 1413 1665 una

183 1712 242 1788 via,
265 1711 343 1774 mibi
368 1709 494 1786 eredita,
519 1711 551 1773 et
574 1709 678 1772 laudis
704 1711 736 1772 et
759 1708 925 1790 diguitatis
950 1712 983 1771 et
1006 1708 1150 1771 honoris:
1182 1708 1312 1771 abonis
1336 1709 1412 1772 viris

183 1817 378 1900 sapientibus
414 1819 446 1880 et
479 1816 559 1879 bene
594 1818 710 1892 natura
745 1815 927 1878 constitutis
960 1815 1085 1878 laudari
1116 1817 1148 1878 et
1179 1814 1283 1895 diligi3
1318 1833 1412 1879 nosse

183 1924 419 2005 discriptionem
443 1921 582 1986 civitatis
607 1941 625 1985 a
648 1922 821 1985 maioribus
849 1922 966 1985 nostris
995 1921 1227 2003 sapientissime
1259 1921 1413 1984 consttu-

183 2034 267 2094 tam:
300 2030 355 2110 qui
386 2048 457 2092 oum
488 2047 601 2109 regum
629 2031 823 2110 potestatem
851 2047 914 2091 non
941 2028 1106 2104 tulissent,
1136 2028 1181 2090 ita
1204 2027 1411 2108 magistratus

183 2154 303 2200 annuos
328 2138 524 2210 creaverunt,
547 2136 585 2198 ut
609 2135 775 2199 eonsilium
799 2137 929 2198 senatus
953 2135 999 2198 rei
1021 2135 1165 2216 publioae
1181 2136 1412 2215 praeponerent

183 2400 308 2454 diuinam
340 2399 507 2454 adhiberetis
538 2399 619 2468 reip]
653 2399 770 2452 Personi-
824 2397 970 2466 Gagensatz
996 2415 1028 2450 zu
1053 2397 1103 2451 dan
1126 2398 1248 2453 bomims
1269 2397 1332 2452 novi
1350 2397 1411 2466 (pai

182 2488 291 2542 filation
306 2489 351 2541 des
365 2487 478 2541 Staates.
493 2518 526 2525 —
545 2489 705 2557 scamellum
718 2487 769 2541 ad·
824 2487 935 2555 ispanio
953 2503 987 2541 aa
1011 2487 1113 2541 uirtute
1131 2487 1215 2540 nobit.
1237 2492 1296 2554 pot.
1314 2488 1410 2554 omas),

182 2577 301 2643 bibetur]
325 2577 394 2642 „das
413 2577 591 2643 chirurgische
609 2577 709 2629 Messer
726 2593 770 2629 an·
795 2626 798 2633 ,
825 2577 866 2630 dia
881 2576 1366 2644 deuVerdieustadelerlangthattau.
1377 2607 1411 2614 —

182 2668 285 2734 gesetzt
309 2663 403 2716 wird“.
440 2665 533 2718 adhib.
558 2665 597 2718 oft
621 2666 660 2718 als
679 2665 770 2718 Passiv
824 2666 976 2733 rationem]
1023 2665 1190 2734 (politisohe)
1242 2664 1409 2732 ‚‚Riohtung,

184 2771 215 2806 uu
233 2753 292 2819 uti,
316 2753 441 2806 uamentl.
461 2769 507 2805 zur
525 2752 706 2821 Bezeiohuuug
725 2753 770 2806 das
826 2753 959 2821 Systam“.

183 2841 286 2894 leflsslffl
313 2840 374 2906 (ad)
403 2841 472 2893 θῑῦθθ
501 2839 706 2908 Gflgssflfltassdffl·
736 2870 769 2880 “
865 2871 921 2912 lat.
940 2860 1009 2913 mibi
1022 2857 1137 2927 eredita]
1156 2858 1350 2925 Wortstallung
1363 2859 1411 2911 wie

183 2928 350 2993 earnificina
454 2933 480 2981 et
505 2928 664 2995 erudelitas]
690 2929 770 2995 „eine
824 2948 892 3001 mihi
910 2947 997 3014 aede,
1016 2948 1089 3000 nicht
1108 2947 1187 3000 σφωε
1198 2945 1285 3015 mm
1301 2977 1334 2985 -
1349 2947 1411 3000 ιαμ.

182 3013 658 3083 haulermdlsigeGrausamkeit“.-
666 3023 770 3086 postem
825 3035 880 3104 dig]
906 3054 927 3090 Β,
952 3037 1047 3104 5102,
1076 3065 1109 3074 -
1137 3036 1205 3090 virgg
1227 3035 1411 3105 mmm]

184 3105 308 3172 “liquam
337 3109 478 3172 tamquam
507 3105 656 3172 mimam]
691 3107 770 3171 ”3¹¹0
824 3141 884 3193 sap.
898 3125 934 3178 im
944 3125 1100 3194 politisahen
1109 3124 1188 3178 Sinna
1201 3149 1236 3168 =
1252 3125 1411 3190 „besouneu

151 3197 155 3204 ‘
184 3192 322 3245 Pestbeule
337 3193 383 3245 wie
393 3193 466 3246 einen
476 3193 588 3263 Kropf“.
607 3194 771 3263 Auspialuug
825 3213 1186 3281 versffindpg,gmtgp1ugct‚
1212 3244 1246 3251 ..
1272 3213 1336 3267 bem
1358 3229 1411 3265 Μ.

184 3281 230 3334 aul
246 3280 296 3332 dan
314 3280 398 3350 Kropf
414 3281 459 3334 des
477 3281 623 3335 bdisliohen
639 3283 769 3336 Vatinius.
826 3308 893 3356 tum
912 3301 1083 3368 mmm]
1103 3318 1174 3368 „von
1193 3301 1281 3354 Nam
1298 3302 1349 3368 gut
1366 3317 1411 3353 an.

224 3398 281 3440 lao.
310 3386 421 3440 dicendi
445 3427 451 3440 .
467 3429 473 3441 .
489 3429 495 3441 .
519 3387 670 3456 audiendi]
696 3388 771 3442 nicht
824 3391 920 3458 gelagt‚
932 3390 1087 3458 beaulagt“.
1098 3418 1130 3426 —
1143 3389 1233 3457 dilipi]
1245 3388 1411 3455 „gesohitzt

185 3475 380 3529 orationis
400 3477 570 3544 auditionis,
598 3477 631 3530 da
649 3477 706 3530 hier
725 3478 770 3530 der
825 3479 966 3546 bevorzugt
990 3478 1130 3543 werden“;
1155 3477 1260 3544 aigentl.
1289 3477 1411 3543 „erlasen

184 3563 452 3632 Verbalbagriff
480 3565 674 3619 auszudrdoken
709 3582 769 3632 war,
825 3567 950 3620 wardeu“
978 3569 1043 3632 (aus
1074 3567 1145 3619 einer
1173 3565 1302 3630 Anzahl),
1337 3564 1412 3617 niaht

185 3651 231 3704 der
244 3652 285 3705 dia
298 3651 451 3720 Thittigkait
464 3654 622 3707 bezeiobnat.
638 3685 671 3692 -
690 3655 771 3721 daem
825 3656 931 3722 amori,
960 3655 1007 3708 das
1035 3672 1086 3708 nur
1112 3654 1154 3707 dia
1171 3653 1345 3722 (Zulneigung
1368 3653 1412 3704 be-

184 3738 305 3808 fanium]
333 3741 379 3794 Bai
407 3741 491 3795 dieser
518 3742 616 3795 Phrase
642 3743 691 3795 hat
717 3741 769 3796 Cic.
826 3744 949 3797 zeiohnet.
979 3773 1012 3780 —
1043 3742 1251 3810 discriptionem
1281 3739 1411 3807 civitais]

185 3828 276 3882 immer
300 3829 349 3882 den
375 3827 485 3883 Genetiv
509 3830 555 3884 des
580 3829 769 3896 Gerundiums;
826 3832 889 3899 „die
907 3832 1082 3899 Verlassung,
1101 3829 1286 3898 Organisution
1305 3844 1412 3882 unsaros

185 3917 235 3970 deu
252 3917 331 3970 Datis
350 3915 410 3971 Gar.
434 3918 484 3972 hat
507 3935 536 3971 er
553 3918 702 3989 iiberhaupt
719 3936 770 3972 nur
825 3919 963 3973 Stnates“.
991 3948 1025 3958 -
1053 3920 1097 3973 ita
1194 3917 1239 3987 nt]
1268 3917 1339 3984 „mit
1365 3915 1412 3968 der

184 4005 212 4057 in
226 4004 327 4072 einigen
341 4006 484 4060 stehenden
497 4005 625 4062 Formeln.
645 4037 678 4047 -
697 4007 770 4064 iliad
825 4008 968 4077 Malsgabe,
977 4008 1169 4075 Bestimmung,
1184 4006 1242 4060 dass
1256 4006 1294 4060 sie
1304 4005 1366 4060 ...“.
1377 4034 1412 4042 —

186 4091 219 4146 do
238 4093 427 4162 optimatibus]
447 4095 527 4164 „jane
541 4097 710 4165 (begonuene)
724 4096 770 4151 Idr-
825 4096 982 4163 masiliam]
1000 4096 1092 4150 Abstr.
1105 4112 1153 4166 pro
1167 4095 1267 4162 Conon,
1287 4093 1351 4160 „die
1369 4093 1411 4146 be

185 4183 311 4248 brtarung
328 4181 393 4235 tiber
410 4183 452 4236 die
466 4183 649 4254 Optimatan“.
669 4214 702 4224 -
721 4201 770 4240 no·
824 4186 934 4239 ratande
951 4184 1184 4252 Varsammluug“‚
1207 4184 1260 4252 vgl.
1280 4182 1296 4250 ἐ
1313 4182 1357 4238 32.
1377 4211 1412 4220 -

187 4268 253 4323 biles
277 4269 353 4336 estis]
382 4271 490 4340 „adelig
512 4289 561 4326 von
586 4271 708 4327 Geburt“
733 4275 770 4328 im
824 4274 948 4340 senatos]
972 4272 1036 4327 Gen.
1055 4272 1249 4342 epexegatious,
1276 4270 1411 4338 „nlimlioh
