3159 4759
202 239 254 300 128
384 248 387 253 ’
648 204 650 207 v
673 242 709 295 M.
728 242 808 296 Tullii
827 242 957 297 Ciceronis

141 380 188 508 δὲ
289 401 373 465 Nam
397 403 473 483 quid
503 422 561 484 ego
591 403 667 467 illa
696 403 741 467 de
772 422 831 467 me
862 403 1000 467 divina
1032 406 1204 467 senatus
1235 405 1428 468 consulte

200 512 470 572 commemorem?
509 509 571 573 Vel
594 509 678 591 quod
700 509 733 572 in
756 510 875 592 templo
898 509 982 573 Iovis
1008 508 1129 591 Optimi
1150 510 1281 573 Maximi
1303 510 1426 574 factum

201 615 258 689 est,
282 633 355 677 cum
378 615 426 678 vir
448 617 476 679 is
501 615 555 696 qui
578 615 757 711 tripertptas
780 617 864 680 orbis
881 618 1041 679 terrerum
1065 635 1136 679 oras
1160 618 1257 697 atque
1281 617 1425 697 regiones

193 719 302 783 tribus
331 721 502 804 triumphis
533 721 699 785 adiunctas
729 723 804 786 huic
832 723 965 804 imperio
988 723 1125 798 noterit,
1155 723 1193 786 de
1217 723 1334 805 scripto
1358 742 1429 788 sen·

200 826 301 890 tentia
324 827 409 890 diota
431 828 511 891 mihi
534 829 590 891 uni
612 829 834 892 testimonium
849 829 971 911 patriae
989 831 1192 894 conservatae
1209 829 1313 893 dedit:
1337 831 1428 894 cuius

201 933 392 997 senteutiam
415 934 461 998 ita
484 934 762 1016 frequentissimus
779 938 911 999 senatus
928 938 1057 1000 secutus
1074 938 1131 1012 est,
1154 938 1192 999 ut
1207 954 1291 1000 unus
1308 936 1429 1000 dissen-

199 1038 276 1102 tiret
298 1039 399 1103 hostis
422 1041 517 1122 idque
540 1042 647 1124 ipsum
663 1042 781 1106 tabulis
798 1043 931 1125 publicis
948 1043 1155 1106 mandaretur
1179 1043 1218 1106 ad
1241 1043 1428 1106 memoriam

200 1145 320 1227 posteri
342 1148 493 1229 temporis
510 1149 753 1230 sempitemam3
777 1150 828 1212 vel
852 1149 937 1230 quod
961 1152 1011 1212 est
1033 1149 1184 1231 postridie
1208 1149 1373 1212 decretum
1396 1151 1429 1212 in

201 1251 289 1314 ouria
311 1252 420 1334 populi
442 1253 542 1336 ipsius
565 1254 702 1318 Romani
729 1257 762 1318 et
790 1274 900 1319 eorum
929 1256 984 1336 qui
1012 1275 1049 1320 ex
1071 1255 1251 1337 municipiis
1276 1274 1429 1319 convene·

200 1358 286 1433 rant,
311 1358 488 1436 admonitu,
511 1379 551 1424 ne
575 1362 647 1441 quis
671 1361 709 1424 de
734 1362 820 1425 caelo
844 1364 1000 1438 servaret,
1023 1381 1063 1426 ne
1087 1362 1158 1442 quis
1182 1380 1305 1425 moram
1328 1363 1428 1426 ullam

201 1461 355 1538 adferret:
381 1464 407 1528 si
432 1466 502 1547 quis
526 1466 619 1530 aliter
642 1466 777 1544 fecisset,
802 1486 876 1530 eum
899 1468 992 1550 plane
1014 1486 1191 1532 eversorem
1214 1469 1261 1531 rei
1283 1469 1428 1550 publicae

200 1567 265 1633 fore
289 1570 384 1651 idque
401 1573 549 1635 senatum
566 1573 750 1653 gravissime
767 1574 917 1650 laturum,
941 1576 973 1637 et
996 1577 1034 1636 ut
1057 1573 1168 1637 statim
1191 1573 1229 1636 de
1253 1573 1321 1636 eius
1345 1572 1429 1636 facto

94 1725 99 1729 .
200 1675 380 1740 referretur.
420 1676 491 1755 Qua
514 1679 670 1760 gravitate
695 1697 753 1742 sua
777 1699 851 1743 cum
874 1679 1024 1760 frequens
1048 1682 1178 1743 senatus
1201 1680 1428 1743 nonnullorum

202 1782 305 1845 scelus
330 1783 558 1865 audaciamque
582 1786 754 1862 tardasset,
785 1788 894 1849 tamen
917 1786 997 1848 illud
1021 1785 1155 1862 addidit,
1185 1788 1236 1862 ut,
1267 1786 1295 1849 si
1318 1785 1429 1850 diebus

202 1889 351 1969 quinque,
377 1890 491 1970 quibus
516 1891 567 1972 agi
591 1891 629 1954 de
646 1910 697 1955 me
713 1892 878 1974 potuisset,
900 1911 964 1955 non
988 1894 1073 1955 esset
1096 1894 1213 1968 aetum,
1235 1891 1373 1955 redirem
1396 1893 1430 1954 in

203 1995 338 2076 patriam
363 1995 516 2077 dignitate
541 1998 627 2061 omni
651 2001 847 2080 recuperata.

142 2086 189 2214 ¹⁶3}
291 2101 440 2166 Decrevit
471 2104 581 2167 eodem
610 2106 751 2187 tempore
782 2107 911 2168 senatus
942 2107 980 2168 ut
1010 2104 1063 2180 iis,
1094 2105 1149 2185 qui
1179 2123 1216 2168 ex
1243 2105 1311 2166 tota
1333 2104 1429 2167 Italia

236 2295 312 2362 Kap.
332 2296 399 2350 CL·
423 2307 479 2350 129.
498 2297 575 2350 Nom
593 2298 662 2365 quid
680 2314 728 2368 epo
842 2295 974 2349 beschlufs
1003 2297 1048 2348 des
1067 2297 1172 2364 rorigen
1190 2296 1274 2363 Tages
1297 2297 1343 2347 der
1361 2295 1430 2348 lion·
1456 2243 1462 2307 Ι

202 2383 437 2451 commemoretur]
466 2385 627 2455 elliptisoher
652 2385 788 2440 Gebrauch
843 2385 885 2438 sul
903 2385 931 2438 P.
946 2385 1082 2449 Lentulus,
1101 2385 1149 2438 Cn.
1164 2384 1310 2455 Pompeius,
1329 2385 1358 2437 P.
1374 2384 1430 2437 Ser-

201 2489 249 2525 von
268 2489 334 2526 uam
352 2473 388 2526 im
402 2455 565 2542 Cbergange.
585 2504 619 2512 —
637 2475 670 2528 ia
690 2476 788 2543 templo
843 2474 935 2540 vilius,
954 2474 982 2526 L.
1002 2471 1103 2527 Gellius
1120 2472 1209 2526 Reden
1229 2474 1256 2526 in
1275 2474 1321 2526 der
1338 2473 1430 2526 Volks·

200 2561 287 2627 Iocis]
301 2551 372 2614 Uber
386 2561 473 2615 diesen
488 2562 723 2629 Senatsbeschlufs,
739 2565 789 2617 den
843 2563 1049 2630 versammluug‚
1068 2561 1123 2614 und
1142 2578 1175 2614 an
1194 2562 1342 2615 demselben
1360 2561 1431 2628 Tage

202 2650 248 2702 der
266 2649 368 2703 Konsul
388 2649 418 2714 Q.
433 2650 565 2718 Metellus,
585 2652 673 2704 frither
687 2651 788 2706 Ciceros
843 2651 952 2717 erfolgte
980 2651 1006 2702 in
1034 2651 1080 2703 der
1104 2649 1181 2704 Curio
1210 2650 1256 2702 der
1283 2649 1430 2715 Beschlufs,

201 2739 353 2808 politisoher
377 2738 494 2807 Gegner,
519 2739 715 2806 befiirwortete‚
735 2740 788 2793 und
843 2742 922 2792 unter
939 2738 1040 2806 grofser
1058 2739 1227 2806 Beteiligung
1244 2755 1292 2791 ron
1311 2738 1431 2805 Birgern

201 2828 243 2880 bei
271 2828 328 2880 dem
356 2827 494 2898 Pompejus
522 2829 578 2895 (cir
605 2830 630 2883 is
657 2829 706 2896 qui
726 2831 789 2896 ...)
843 2845 890 2880 aus
909 2828 959 2881 deu
977 2828 1149 2896 Municipien,
1172 2844 1207 2880 cc
1224 2828 1286 2896 puis
1304 2827 1338 2880 de
1357 2828 1432 2881 eaelo

201 2923 289 2984 wege'n
315 2917 361 2969 der
383 2916 557 2984 Wiohtiglreit
580 2917 626 2970 der
650 2917 732 2970 Sache
754 2916 789 2970 dc
843 2923 979 2984 secaret,
1003 2932 1037 2969 ae
1055 2917 1118 2984 quie
1135 2932 1240 2970 morem
1257 2916 1344 2968 allum
1367 2915 1430 2982 (vgl.

201 3005 302 3073 scripto
321 3005 357 3066 (d.
377 3006 403 3059 h.
422 3005 489 3059 nach
507 3006 590 3059 einem
609 3007 789 3073 aufgesetzten
844 3023 875 3058 zu
900 3006 915 3073 ᾖ
940 3007 986 3069 74)
1011 3006 1139 3072 offerret:
1169 3004 1223 3057 und
1251 3004 1308 3058 cisi
1334 3004 1432 3057 diebus

201 3093 361 3159 Wortlaute)
376 3094 581 3163 seineMeinuug
595 3095 686 3162 abgab,
703 3094 789 3148 wurde
819 3136 820 3140 ,
844 3095 976 3162 quiaque,
999 3096 1101 3162 quibus
1119 3095 1167 3163 opi
1186 3092 1219 3147 dc
1238 3094 1366 3148 Cicerone
1383 3107 1432 3160 po-

202 3182 319 3250 Anfangs
344 3184 450 3250 August
473 3184 523 3248 57,
551 3184 579 3236 in
607 3183 665 3236 dem
684 3183 790 3252 Tempel
843 3182 946 3250 tuisset,
961 3188 1027 3236 esset
1037 3189 1139 3248 ectum,
1152 3182 1257 3236 rediret
1265 3182 1433 3246 innutriunt

203 3270 248 3323 des
266 3271 484 3341 lrapitolinischen
501 3272 607 3340 Jupiter
629 3271 734 3340 gefaist.
755 3302 789 3310 —
844 3270 984 3339 dignitate
998 3272 1073 3324 omui
1086 3276 1257 3338 recuperato.
1271 3299 1305 3306 -
1322 3285 1356 3322 cc
1370 3269 1433 3336 qais

202 3360 368 3427 tripertitas]
388 3360 415 3412 in
426 3359 524 3426 Afrilra,
533 3360 644 3430 Europa,
655 3360 789 3415 Asian-
845 3359 878 3413 dc
892 3360 966 3413 caeli
979 3359 1112 3425 secaret]
1127 3362 1197 3412 trotz
1211 3358 1373 3424 Aufhebung
1387 3357 1434 3410 der
1512 3371 1516 3377 ·

203 3447 352 3502 adiunctas
384 3449 449 3502 huic
476 3448 607 3516 imperto]
642 3448 788 3518 Pompejus'
844 3450 888 3502 leo
911 3448 1008 3515 Aelia,
1037 3448 1078 3500 die
1106 3447 1231 3500 hiernaeh
1254 3446 1433 3499 thatstchlich

202 3535 312 3605 Ktmpfe
350 3553 432 3603 gegen
467 3537 616 3602 Domitius,
649 3537 789 3604 Sertorius,
845 3537 970 3590 bestehen
987 3537 1122 3604 geblieben
1141 3553 1208 3601 war3
1229 3552 1249 3588 s.
1264 3552 1296 3588 zu
1310 3535 1325 3602 ξ
1338 3534 1381 3588 33.
1398 3563 1433 3572 -

203 3623 372 3678 Mithridates
382 3624 509 3677 brachten
522 3625 789 3694 neueErwerbungen
844 3624 932 3691 facto]
957 3624 1241 3691 ‚,Haudlungsweise“,
1261 3639 1281 3676 s.
1300 3623 1315 3690 ἕ
1334 3623 1377 3676 36.
1398 3652 1432 3659 -

202 3712 244 3764 fiir
268 3712 315 3765 das
339 3717 402 3767 rdm.
427 3712 578 3767 Weltreich.
604 3744 638 3754 -
662 3712 789 3784 frequen·
843 3712 995 3783 pravitate]
1015 3713 1106 3780 „sittl
1126 3712 1255 3765 Emete“¹
1276 3739 1308 3747 —-
1336 3710 1433 3764 dicbus

203 3800 337 3869 tissimus]
362 3802 414 3855 417
432 3801 576 3855 Senatoren
594 3801 648 3854 und
666 3802 717 3854 alle
735 3802 790 3855 Ma·
846 3802 981 3870 quiaque]
1012 3818 1047 3855 sc.
1072 3800 1264 3856 comitialibus.
1309 3798 1359 3851 Die
1382 3797 1434 3851 Ko-

202 3888 316 3955 gistrste
334 3889 455 3942 wohnten
479 3889 525 3943 der
543 3889 653 3958 Sitzung
677 3891 726 3944 bei.
755 3920 789 3929 -
845 3890 938 3944 mitian
956 3890 1061 3943 durften
1080 3907 1131 3943 nur
1148 3907 1182 3942 an
1200 3889 1251 3942 den
1276 3886 1334 3941 dies
1352 3887 1433 3942 eomi-

204 3977 302 4044 hoetc’s]
333 3976 580 4043 ,‚Hochrorrtter“.
629 3977 735 4033 Clodius
761 3979 789 4032 in
847 3979 926 4033 tioles
940 3977 1105 4041 stattfinden,
1122 3977 1237 4046 jehrlich
1251 3979 1319 4030 etwa
1332 3992 1367 4028 an
1381 3976 1435 4029 190

204 4065 288 4117 seiner
307 4064 475 4133 Eigensehaft
498 4067 537 4120 als
558 4065 735 4121 Volkstribun.
756 4098 789 4105 —
845 4068 941 4135 Tagen.
968 4067 1192 4134 Ausgeschlosseu
1212 4081 1296 4118 waren
1315 4064 1357 4117 die
1376 4064 1435 4118 dics

203 4153 348 4222 postridie]
373 4153 424 4208 Am
447 4155 584 4223 folgenden
602 4155 672 4224 Tage
690 4156 789 4210 hielteu
845 4155 962 4224 nefasti,
985 4155 1027 4209 die
1052 4154 1187 4208 Kalenden
1211 4153 1266 4207 und
1290 4152 1368 4218 Iden,
1393 4152 1435 4204 die

203 4241 267 4294 iiber
281 4240 384 4296 Ciceros
397 4243 537 4298 Riicklrehr
554 4244 608 4298 und
623 4244 672 4298 den
686 4245 790 4299 Senats-
847 4247 906 4301 dice
924 4247 990 4313 atri,
1010 4246 1052 4299 die
1070 4243 1356 4309 Senatssitzungstage.
