3159 4759
181 296 218 355 98
653 299 689 352 Μ.
708 299 788 352 Tullii
808 298 937 354 Ciceronis

182 459 342 522 venticula
371 459 552 535 hominum,
583 479 664 540 quae
694 461 805 542 postea
836 461 980 524 civitates
1010 461 1191 524 nominatae
1217 464 1307 537 sunt,
1337 464 1411 525 tum

183 564 340 628 domicilia
363 565 538 641 coniuncta,
563 584 642 646 ques
666 566 760 629 urbes
785 565 929 642 dicimus,
951 567 1079 630 invento
1103 569 1136 630 et
1156 567 1260 630 divino
1284 569 1351 631 iure
1376 570 1412 631 et

137 671 321 734 oahumano
355 671 520 734 moenibus
555 673 752 752 saepserunt.
810 673 943 752 Atque
984 672 1097 735 inter
1137 673 1240 737 hanc
1281 674 1409 736 vitam

180 777 428 858 perpolitam
450 776 710 841 humanitate
743 779 782 840 et
812 777 927 841 illam
956 778 1168 841 immanem
1196 779 1304 841 nihil
1327 780 1409 842 tam

180 883 361 946 interest
385 901 501 963 quam
532 883 595 946 ius
626 885 747 964 atque
778 884 848 947 vis.
897 883 1050 948 Horum
1079 886 1171 947 utro
1201 886 1263 947 nti
1291 886 1408 948 nolu·

180 1008 284 1065 mua,
309 989 441 1053 altero
465 991 529 1053 est
552 990 754 1053 utendum.
799 989 876 1053 Vim
898 991 1045 1055 volumus
1075 991 1250 1071 exstingui:
1280 991 1331 1054 133
1354 1011 1410 1054 33·

180 1095 245 1159 leat
268 1114 396 1159 necesse
421 1098 484 1171 est,
514 1095 547 1158 id
571 1097 620 1159 eet
642 1095 774 1173 iudicia,
805 1097 920 1176 quibus
944 1115 1036 1160 omne
1059 1097 1109 1160 ius
1134 1097 1329 1161 continetur:
1359 1099 1408 1160 iu·

181 1201 262 1264 dicia
285 1201 453 1282 displicent
476 1207 533 1264 aut
555 1201 645 1264 nulla
669 1205 762 1264 sunt:
793 1202 841 1265 vis
872 1202 1052 1266 dominetur
1082 1222 1210 1266 necesse
1235 1207 1292 1267 est.
1337 1204 1410 1268 Hoc

180 1306 290 1370 vident
313 1325 437 1370 omnes:
467 1307 544 1370 Milo
576 1310 608 1371 et
630 1307 709 1371 vidit
733 1311 765 1371 et
787 1307 878 1383 fecit,
902 1310 939 1370 ut
961 1309 1011 1371 ins
1036 1309 1242 1390 experiretur,
1267 1310 1330 1372 vim
1354 1310 1409 1373 de-

180 1413 322 1494 pelleret.
366 1415 477 1477 Altero
508 1415 558 1476 uti
585 1414 700 1491 voluit,
730 1417 768 1477 nt
798 1415 899 1478 virtus
928 1415 1093 1479 audaciam
1123 1416 1277 1491 vinceret,
1308 1416 1412 1480 altero

180 1537 258 1582 usus
281 1519 459 1583 necessario
483 1522 548 1596 eet,
577 1538 617 1582 ne
648 1521 750 1583 virtus
782 1521 822 1584 ab
846 1520 979 1584 audacia
1006 1522 1193 1585 vinceretur.
1239 1521 1411 1585 Eadem·

181 1643 255 1708 que
279 1626 387 1688 ratio
410 1623 492 1688 fuit
516 1624 660 1701 scetii,
690 1627 724 1689 ei
752 1626 887 1690 minus
916 1627 957 1689 in
985 1627 1278 1690 accusando-
1303 1647 1409 1708 neque

181 1731 265 1794 enim
295 1750 351 1813 per
381 1750 489 1795 omnes
520 1731 582 1794 fuit
610 1732 695 1795 idem
723 1732 791 1795 fieri
821 1751 949 1796 neeesse
974 1769 1031 1809 —‚
1061 1736 1102 1796 at
1131 1735 1241 1797 certe
1271 1734 1311 1796 in
1339 1753 1410 1797 ne·

179 1925 296 1977 nuttelet
320 1925 391 1977 einer
416 1923 517 1978 blosaen
541 1925 649 1994 Prdpoa
668 1925 706 1978 iet
729 1925 765 1978 im
821 1926 909 1978 nichta
928 1943 956 1978 33
975 1925 1106 1992 deutlich,
1131 1926 1178 1978 wie
1198 1927 1265 1979 ...“.
1292 1957 1325 1964 -
1353 1927 1411 1980 vim

179 2012 237 2065 Lat.
263 2013 420 2080 keineewege
446 2013 511 2066 ohne
536 2013 658 2082 Beiapiel.
702 2013 767 2066 Hier
821 2015 948 2068 colurnus
972 2015 1123 2082 acetiapai]
1150 2014 1205 2067 Der
1228 2014 1411 2082 Bedingrmga·

179 2102 406 2168 ietzuergtnzen:
418 2102 765 2169 ‚‚beitragend‚beetimmt“‚
822 2107 878 2155 sata
897 2103 962 2155 wird
987 2103 1014 2155 in
1040 2103 1170 2155 lebhafter
1186 2102 1258 2155 Rede
1277 2105 1409 2156 vertreten

176 2191 354 2257 pertinenter.
390 2189 450 2257 Vgl.
470 2207 502 2242 zu
521 2189 537 2255 ἓ
555 2191 605 2243 42:
625 2193 766 2257 „auctores
822 2191 905 2243 durch
918 2191 993 2244 einen
1007 2190 1191 2258 3333333333,
1212 2191 1265 2243 und
1279 2208 1345 2243 awar
1358 2192 1411 2244 mit

180 2278 213 2330 ad
231 2277 399 2346 perniciem“.
423 2306 457 2315 -
482 2293 525 2331 res
550 2295 619 2347 qaae
637 2278 768 2347 publicae
822 2279 879 2331 dem
908 2279 1052 2345 merlaliv,
1080 2296 1154 2332 wenn
1182 2297 1231 2332 von
1258 2282 1339 2332 etwas
1366 2280 1412 2332 die

181 2365 368 2434 appellamus]
398 2382 506 2433 „segem
532 2366 680 2420 offentliche
707 2366 767 2419 Ein-
821 2367 893 2420 Rede
911 2368 962 2434 iet,
987 2384 1039 2420 was
1058 2368 1175 2421 wirklich
1194 2367 1353 2421 etattfindet.
1375 2397 1409 2407 -

180 2454 359 2520 richtungen“
375 2471 433 2506 aum
448 2452 766 2522 allgemeinenGebrauch
821 2457 902 2509 nullo
920 2456 998 2522 aaut]
1023 2457 1126 2508 sttrker
1151 2456 1191 2508 ale
1209 2473 1266 2509 aon
1284 2481 1319 2499 =
1338 2473 1412 2524 „gar

179 2542 234 2596 und
248 2543 353 2596 Beaten.
369 2572 401 2581 --
417 2543 606 2598 conventicula
615 2543 766 2610 homiaem]
821 2544 928 2596 nieht“.
954 2573 988 2581 —
1013 2543 1089 2609 fecit,
1112 2549 1145 2597 ut
1162 2545 1207 2598 ias
1225 2545 1412 2613 cooperiretur]

179 2631 229 2683 Die
238 2631 343 2684 Wdrter
352 2631 396 2684 aul
410 2633 514 2687 -calcm
523 2633 676 2685 bezeichnen
690 2633 769 2684 meist
822 2632 896 2684 nicht
914 2649 980 2699 ganz
999 2656 1031 2674 =
1051 2633 1097 2686 iae
1121 2639 1251 2702 expertas
1276 2639 1325 2699 cat,
1351 2649 1411 2685 eon·

180 2719 230 2772 den
249 2717 313 2784 Ort,
339 2720 385 2772 der
409 2737 441 2772 au
459 2720 529 2773 einer
548 2720 629 2773 Seche
647 2721 768 2788 geeignet
823 2719 901 2773 dern:
920 2737 949 2772 er
966 2720 1089 2773 handelte
1107 2721 1164 2773 dem
1184 2719 1347 2774 Grundsatze
1366 2738 1412 2789 ge-

179 2809 231 2873 ist,
250 2808 344 2861 313333
363 2808 410 2861 dae
428 2808 519 2861 Mittel
537 2809 590 2861 und
608 2809 767 2876 Werlrzeug:
822 2809 907 2874 mdis,
938 2809 996 2861 dass
1023 2826 1084 2862 man
1111 2827 1139 2862 33
1166 2810 1216 2862 mit
1243 2810 1301 2862 dem
1328 2809 1412 2876 Wege

178 2897 311 2963 iaculum,
330 2895 464 2960 ferculum
482 2896 594 2964 (drage),
612 2897 768 2951 uehiculum
822 2896 954 2950 Rechtens
980 2898 1134 2963 versuchen‚
1159 2896 1261 2952 Gewalt
1284 2899 1346 2950 aber
1364 2899 1412 2951 ab·

180 3001 307 3058 uam:
327 2985 384 3037 hier
402 2985 767 3053 also=„Versammlungs·
822 2986 925 3038 wehren
952 2991 1046 3038 miisse.
1088 2987 1103 3054 ξ
1128 2987 1176 3040 86;
1206 2986 1284 3052 „Hoc
1311 2987 1413 3039 sentire

181 3077 252 3138 orte,
279 3073 453 3140 gemeinsame
480 3074 703 3143 Mittelpunkte“.
732 3104 766 3112 —
822 3074 976 3143 prudentiae
995 3079 1044 3140 est,
1064 3075 1147 3127 farere
1165 3075 1358 3128 fortitudinis“.
1375 3105 1410 3113 -

179 3163 289 3215 iacente
314 3166 340 3214 ct
364 3161 459 3216 dictae
481 3163 543 3215 c'wre
566 3169 591 3217 ct
609 3164 692 3230 13333]
717 3163 767 3216 1113
821 3163 865 3215 uti
887 3163 987 3228 voluit]
1012 3164 1077 3217 velle
1100 3187 1134 3206 =
1159 3163 1410 3230 ‚‚grundsdtzlioh“.

179 3250 300 3318 Religion
318 3250 372 3303 und
395 3250 441 3303 der
459 3251 557 3304 Kultus
580 3252 626 3305 der
645 3250 767 3305 Gottheit
822 3251 1251 3321 171313131133133331333331333
1266 3252 1410 3304 deutschen

180 3338 240 3391 sind
259 3338 300 3390 die
316 3339 498 3406 notwendigan
513 3338 682 3408 Grundlagen
700 3341 766 3394 euch
822 3340 982 3394 Adverbien:
1017 3345 1032 3404 ξ
1058 3342 1124 3395 104;
1156 3358 1226 3409 puae
1253 3342 1298 3395 illi
1325 3342 1410 3395 uelint

180 3426 226 3478 (133
244 3429 322 3479 unter
339 3426 480 3480 Monechen
501 3429 641 3495 geltenden
659 3428 766 3482 Rcchta
822 3429 923 3482 audire
956 3446 1061 3497 „geru
1088 3430 1206 3495 hdren“;
1241 3430 1309 3483 ibd.:
1343 3431 1410 3483 ecllc

180 3513 255 3566 Naeh
281 3514 327 3566 der
345 3514 458 3568 Ansicht
476 3516 522 3569 des
540 3516 688 3569 Altertums
708 3517 767 3569 sind
822 3518 923 3572 audire
955 3518 1107 3572 videantur
1141 3519 1299 3585 „scheinbar
1326 3535 1411 3585 gern

181 3603 243 3655 aber
271 3602 321 3655 alle
348 3603 479 3671 derertige
506 3605 697 3658 Institutionen
724 3606 771 3681 aul
822 3606 902 3659 hdren
921 3607 1072 3660 michten‘fi
1092 3617 1125 3644 -'—
1144 3608 1234 3661 oirtue
1248 3604 1411 3677 audaciam}

181 3691 223 3743 dic
249 3689 395 3759 Erfindung
419 3692 583 3746 bestimmten
607 3693 767 3746 Persdnlich·
823 3711 844 3748 3.
874 3712 906 3747 zu
933 3693 949 3763 ξ
973 3696 1024 3749 109
1048 3713 1074 3748 u.
1098 3695 1164 3749 138:
1193 3712 1275 3761 „cum
1302 3696 1409 3761 virtute,

179 3779 267 3831 keiten
286 3778 348 3833 oder
363 3778 518 3834 Gottheiten
538 3782 766 3836 curticlzufdhren.
822 3800 874 3835 non
893 3800 951 3836 cum
970 3783 1092 3836 desidia“
1111 3783 1201 3837 Abstr.
1221 3801 1268 3854 pro
1282 3788 1409 3837 concreto.

218 3879 258 3920 92.
274 3867 368 3936 atque]
383 3869 497 3923 additiv:
513 3870 717 3936 ,,3331133333“1
734 3901 766 3909 -
823 3871 861 3924 Zu
878 3872 1005 3924 beachten
1023 3873 1061 3925 ist
1079 3872 1121 3925 die
1138 3889 1238 3940 genaue
1252 3863 1415 3942 Korrespon·⁸

180 3955 252 4010 hanc
276 3957 362 4010 eitam
385 3959 555 4026 perpolitam
582 3959 766 4026 amaenitate]
824 3960 881 4013 sion
895 3960 941 4013 der
955 3959 1123 4028 Satzglieder.
1141 3990 1173 3999 —
1192 3960 1251 4025 fcit
1264 3961 1336 4014 idem
1348 3962 1411 4028 fiori

181 4044 569 4113 „uneereheutigeverfeinerte
578 4047 767 4114 Bildung“.—
822 4049 937 4116 necesse]
967 4050 1058 4115 „kann
1086 4067 1146 4103 man
1171 4050 1236 4103 doch
1261 4050 1336 4103 nicht
1359 4067 1409 4102 von

180 4134 255 4186 atate
285 4138 343 4187 tam
374 4135 505 4202 intereat]
539 4176 554 4201 ‚‚
566 4135 614 4188 den
647 4136 768 4189 Abatand
823 4137 892 4190 allen
910 4137 1029 4191 desselbe
1047 4139 1218 4206 verlangen“.
1251 4139 1316 4192 Milo
1333 4138 1413 4191 hatte

181 4221 307 4274 zwiechen
333 4239 440 4276 unserer
464 4223 635 4277 verfeinerten
652 4223 768 4292 Bildung
823 4225 873 4297 den
889 4226 1045 4294 Rechtsweg
1062 4227 1233 4292 beschritten,
1252 4227 1299 4280 eho
1318 4244 1346 4280 er
1364 4243 1411 4280 aur

180 4309 235 4362 und
259 4309 345 4378 jenem
364 4311 495 4364 Zuetande
520 4312 566 4366 der
584 4311 681 4366 Roheit
699 4313 769 4381 zeigt
824 4313 1272 4384 Gewaltiiberging;vonSeatius
1292 4316 1412 4370 werdae
