3159 4759
531 344 578 397 pro
596 328 625 381 P.
645 327 730 381 Sestio
749 328 841 382 oratio.
878 345 899 383 c.
918 329 962 383 32.
980 330 1024 384 33.
1360 329 1394 388 77

164 505 233 549 esse
266 504 364 584 quam
399 487 523 566 generis
559 487 728 551 videretur.
780 488 850 552 Hoc
883 489 982 569 igitur
1018 508 1116 567 anno,
1151 491 1393 572 magistratibus
1406 510 1438 552 ro

162 593 253 656 novis
278 592 468 673 designatis,
498 611 573 657 cum
603 612 711 658 omnes
742 595 818 658 boni
848 612 974 658 omnem
1005 613 1094 676 spem
1124 596 1264 660 melioris
1288 599 1392 661 status

162 699 196 761 in
220 716 329 761 eorum
352 697 449 762 fidem
473 698 718 776 convertissem,
747 699 940 782 princeps
967 700 1002 763 P.
1025 701 1233 765 Lentulus
1258 704 1394 767 auctori·

162 805 229 866 tate
265 822 302 867 ac
336 805 496 867 sententia
532 823 609 881 sua,
649 805 763 869 Pisone
798 807 831 869 et
866 805 1000 870 Gabinio
1041 809 1393 888 repugnantibus,

164 927 295 973 causam
329 911 470 992 suscepit
505 911 771 992 tribunisque
806 912 943 994 plebis
982 914 1072 976 octo
1106 912 1393 978 referentibus

162 1016 575 1098 praestantissimam
610 1016 654 1080 de
686 1035 744 1080 me
776 1018 1029 1081 sententiam
1060 1018 1174 1081 dixit.
1228 1019 1290 1096 Qui
1321 1039 1394 1084 cum

163 1121 204 1184 ad
235 1122 369 1202 gloriam
404 1140 497 1185 suam
531 1123 627 1202 atque
663 1123 702 1185 ad
734 1123 921 1204 amplissimi
951 1123 1094 1187 beneficii
1123 1125 1261 1205 gratiam
1290 1127 1393 1207 magis

161 1228 320 1310 pertinere
350 1227 487 1304 videret,
525 1246 656 1292 causam
685 1229 774 1292 illam
805 1230 963 1310 integram
993 1230 1034 1293 ad
1065 1249 1159 1294 suum
1192 1232 1394 1295 consulatum
1509 1250 1511 1255 ’

162 1334 326 1410 reservari,
350 1335 459 1397 tamen
482 1352 551 1397 rem
574 1335 673 1398 talem
696 1353 753 1417 per
777 1335 855 1398 alios
886 1335 980 1398 citius
1004 1353 1101 1415 quam
1124 1355 1181 1417 per
1212 1355 1246 1400 se
1269 1337 1393 1401 tardius
1452 1365 1457 1370 ·

163 1439 273 1503 confici
296 1440 446 1503 malebat.

252 1545 322 1609 Hoc
357 1546 487 1609 interim
521 1547 662 1628 tempore
698 1545 732 1608 P.
764 1545 942 1624 Sestius,
976 1518 1113 1624 iudices,
1147 1533 1446 1659 designatusfflss

162 1650 358 1714 tribuous
380 1652 461 1715 iter
485 1652 531 1715 ad
556 1651 589 1716 O.
614 1652 828 1717 Caesarem
850 1671 919 1735 pro
942 1671 1029 1716 mea
1057 1654 1185 1717 salute
1213 1657 1393 1736 susceprt.

163 1755 247 1835 Quid
271 1757 379 1838 egerit,
404 1760 563 1839 quantum
586 1757 768 1839 profecerit,
797 1759 878 1821 nihil
901 1758 941 1821 ad
964 1777 1104 1822 eausam.
1149 1760 1307 1840 Equidem
1331 1760 1394 1824 exi-

161 1932 250 1986 Aelier
274 1932 468 2000 anzugehiiren‚
496 1933 585 1985 stellte
613 1932 668 1985 sich
696 1933 751 1986 also
805 1933 834 1986 in
860 1934 945 1986 sinam
972 1934 1173 1987 anschaulichen
1205 1935 1280 1988 Bilde
1308 1936 1394 1988 aufzu·

161 2019 245 2074 durch
273 2020 359 2073 dieses
387 2019 536 2088 Cognomen
563 2021 647 2074 selbst
673 2020 750 2074 bloi.
805 2022 900 2075 lassen.
916 2052 950 2060 —
964 2023 1129 2076 sonnatium
1144 2022 1230 2090 dreit]
1250 2024 1323 2090 „gab
1338 2024 1395 2077 sein

161 2109 237 2164 Auch
264 2109 346 2163 notio
372 2109 421 2161 hat
452 2109 527 2162 einen
558 2108 751 2162 vertchtlichen
806 2107 958 2164 Gutaehten
976 2111 1009 2162 ab
1018 2111 1042 2163 “.
1074 2111 1138 2163 Dies
1151 2111 1249 2164 konnts
1263 2112 1397 2165 entweder

161 2198 379 2266 Belgeschmaek,
405 2197 456 2264 vgl.
482 2198 566 2265 §962
593 2197 663 2264 „hoc
685 2197 751 2250 illud
805 2197 833 2250 in
848 2198 964 2265 wenigen
977 2198 1088 2251 Worten
1101 2199 1395 2268 geschehen,(ceasere)

162 2290 212 2352 est,
233 2287 302 2356 quod
322 2285 353 2338 de
372 2302 413 2338 me
431 2286 598 2356 potissimum
616 2288 647 2338 tu
665 2286 693 2338 in
712 2303 751 2338 ac-
806 2286 868 2339 cder
892 2287 919 2338 in
942 2286 1014 2339 einer
1031 2287 1223 2354 vollsthndigen
1241 2287 1327 2354 Rode,
1352 2288 1395 2342 die

162 2376 297 2429 cusatione
315 2374 450 2444 quaesisti,
476 2390 554 2444 ,quae
572 2377 643 2427 esset·
660 2376 752 2428 nostra
805 2391 867 2427 man
895 2375 1006 2428 stehend
1032 2391 1090 2452 voni
1117 2375 1208 2451 Platae
1241 2392 1289 2429 aus
1317 2376 1394 2431 hielt.

162 2464 235 2517 natio
254 2463 470 2533 optimatium“‘.
805 2462 1393 2532 Dabeikonnteauchfiberjedenbeliebigsn‚

200 2563 241 2606 το.
259 2551 378 2605 Hoc...
393 2551 478 2617 awno]
499 2549 600 2616 „noch
613 2550 640 2603 in
655 2549 752 2603 diesem
806 2551 881 2603 nicht
890 2555 982 2618 strong
995 2569 1042 2604 zur
1050 2551 1132 2604 Ssche
1141 2551 1283 2619 gehtrigen
1293 2551 1393 2620 Gegan-

161 2639 274 2693 Jahre“.
300 2669 334 2678 -
358 2638 570 2708 magistratibus
593 2639 685 2705 awo]
709 2639 751 2692 fiir
807 2639 886 2692 stand
904 2639 1064 2708 gesprochen
1081 2640 1185 2692 werden
1209 2639 1314 2709 (egredi
1332 2656 1394 2694 acn-

162 2729 209 2781 das
226 2729 252 2782 J.
272 2728 315 2782 57.
352 2729 402 2782 Die
419 2728 499 2780 Wahl
522 2728 568 2781 der
585 2727 750 2796 Magistrate,
806 2728 942 2795 tentiam).
978 2727 1034 2780 Das
1056 2728 1166 2780 lstztere
1185 2727 1223 2781 ist
1240 2727 1268 2780 in
1286 2744 1394 2782 unserer

162 2820 251 2869 zuerst
269 2817 315 2870 der
333 2815 467 2882 Konsuln,
490 2832 544 2868 war
566 2816 646 2869 meist
670 2816 750 2869 sehon
805 2815 886 2868 Stella
896 2815 1081 2868 ansonehmen.
1093 2845 1126 2852 —
1140 2815 1288 2884 integram]
1304 2817 1393 2882 „noch

161 2905 198 2958 im
215 2905 271 2958 Juli
295 2905 357 2958 oder
374 2905 481 2972 Aniang
498 2904 606 2972 August
630 2905 676 2958 des
694 2921 750 2958 vor·
804 2903 1041 2957 unentschieden“.

161 2994 344 3062 hergshenden
375 2994 477 3048 Jahres.
519 2995 569 3047 Die
597 2991 750 3047 Gewahlten

160 3082 262 3136 hiessen
288 3082 433 3152 designati.
463 3112 496 3120 —
524 3097 599 3151 spem
618 3122 624 3135 .
640 3121 667 3134 ..
687 3097 749 3135 coa-
839 3061 916 3128 ¹3⁸9·
935 3061 983 3118 33·
1021 3063 1098 3130 §71-
1136 3066 1244 3115 ⁸0⁸fiffl'
1263 3065 1341 3114 30¹⁸0
1359 3079 1394 3114 ¹¹²

160 3170 311 3238 ammone]
332 3171 404 3236 „alle
422 3171 480 3224 ihre
498 3170 665 3238 Hoffnungen
684 3173 750 3222 seta-
804 3155 885 3203 Μ
901 3154 940 3235 ,ῙΜ
956 3155 1217 3204 1¹¹W0¹¹0⁰i⁶⁰¹⁰⁸·

161 3259 239 3325 ten“,
258 3259 429 3326 gewahlterer
442 3257 582 3312 Ausdruck
595 3257 637 3310 hir
656 3274 749 3326 „spem
841 3269 883 3310 τι.
909 3256 972 3311 Hoc
989 3257 1102 3310 interim
1119 3256 1251 3324 tempore]
1277 3255 1392 3335 Beachte

160 3363 270 3418 ponere,
303 3362 426 3416 reponere
454 3347 482 3400 in
509 3346 597 3415 aliqua
625 3346 685 3399 re“.
715 3375 749 3383 -
803 3344 845 3397 die
864 3344 999 3412 Stellung,
1024 3345 1076 3412 vgl.
1095 3345 1110 3412 ξ
1131 3344 1178 3397 74:
1205 3345 1269 3410 „illi
1290 3345 1392 3398 interea

160 3436 192 3490 P.
212 3433 359 3503 Mandas]
387 3434 421 3488 Er
448 3450 501 3488 war
524 3434 623 3502 desigu.
647 3433 749 3487 Konsul
803 3432 1002 3486 deliberatori“.
1017 3463 1051 3471 -
1066 3432 1242 3501 quiescerit,
1257 3438 1393 3501 matam

160 3524 206 3578 des
220 3524 350 3577 ntchsten
363 3522 466 3576 Jahres.
494 3521 543 3575 Ale
557 3521 659 3575 solcher
672 3522 748 3575 hatte
799 3519 961 3588 profecerit]
982 3521 1073 3587 „scine
1087 3519 1241 3586 Absichten,
1260 3520 1331 3573 seins
1344 3520 1391 3573 Er·

160 3629 189 3666 er
214 3612 262 3666 das
279 3611 379 3678 Reeht,
404 3610 471 3664 nach
496 3611 554 3664 dem
572 3610 680 3664 Referat
702 3610 748 3664 des
802 3609 905 3676 fclge“.
938 3608 1185 3662 DeutschssSubst.
1200 3606 1391 3678 entsprechend

159 3699 363 3767 Vorsitaenden,
389 3699 435 3752 anf
457 3699 549 3752 desssn
573 3697 656 3766 Frage
681 3699 748 3752 nach
802 3697 874 3750 einer
891 3696 1040 3751 indirekten
1057 3695 1141 3764 Frage
1165 3697 1202 3750 im
1219 3697 1320 3750 Latsin.
1356 3696 1391 3751 So

160 3790 207 3843 der
224 3789 338 3842 Ansicht
360 3788 406 3842 des
424 3787 519 3841 Senats
544 3789 632 3840 zuerst
656 3787 747 3855 (pria-
801 3786 876 3854 §102
895 3785 964 3854 quid
982 3785 1120 3839 desecat
1139 3783 1390 3852 ,‚denBeschluss“,
1411 3822 1415 3827 x

160 3880 233 3946 ceps)
268 3878 339 3931 scine
370 3876 481 3930 Stimme
518 3876 674 3944 abzugeben.
713 3906 746 3914 —
801 3875 878 3942 §622
896 3890 967 3942 qaae
986 3879 1095 3942 cucata
1112 3873 1203 3939 suerit
1221 3873 1324 3940 „deren
1342 3873 1391 3926 Be·

160 3967 330 4022 commeate
348 3982 383 4020 ae
400 3964 537 4019 scatentia
554 3963 619 4032 soa]
643 4005 658 4031 „
664 3963 747 4016 durch
802 3962 951 4030 deutung“,
965 3964 981 4030 ξ
995 3963 1043 4029 71;
1057 3964 1073 4030 ξ
1088 3962 1153 4016 146:
1167 3979 1224 4032 qua
1237 3963 1274 4016 eit
1286 3962 1391 4029 perae

137 4038 216 4108 'sein
247 4052 445 4122 massgebendes
476 4051 607 4105 Votum“.
640 4079 672 4088 -
705 4067 746 4105 re·
801 4050 928 4105 &eierat
959 4050 1023 4117 „die
1050 4048 1143 4104 Grtlse
1177 4050 1261 4103 seiner
1287 4050 1391 4120 pflicht·

154 4140 363 4213 pugnantibus]
371 4139 746 4209 „unterdemWidsrspruch“.
801 4142 893 4193 neuen
918 4139 1027 4192 Liehe“.
1071 4138 1241 4192 Namantlich
1266 4138 1314 4192 das
1338 4137 1390 4192 Ob·

158 4231 213 4286 Der
230 4231 352 4284 Isteiner
370 4229 437 4283 liebt
459 4245 499 4295 es,
525 4229 575 4282 den
593 4229 746 4281 abstrahten
798 4227 858 4296 jekt
881 4228 928 4280 der
945 4227 1032 4281 Verba
1056 4230 1123 4280 sent.
1147 4244 1173 4280 u.
1192 4225 1257 4280 decl.
1276 4225 1330 4278 und
1347 4224 1390 4277 dic

158 4319 261 4388 Bogriff
268 4318 428 4373 vermittelst
439 4316 745 4387 derParticipialkonstr.
800 4316 878 4384 Begr.
897 4317 943 4369 der
958 4315 1079 4380 euehat
1096 4315 1151 4368 und
1168 4313 1310 4379 Quantitiit
1328 4328 1390 4365 wer·

1134 4403 1172 4457 6*
