3159 4759
529 317 580 394 prp
594 300 623 352 P.
643 299 727 352 Sestio
746 301 838 353 oratio.
875 317 896 352 c.
915 302 958 353 44.
978 301 1021 354 45.
1338 299 1390 360 103

159 461 280 535 mines,
312 459 426 539 quibus
456 461 546 540 patet
570 460 671 535 ouria,
703 463 779 523 sunt
801 461 1009 542 municipales
1040 462 1215 542 rusticique
1246 462 1389 537 Romani,

159 569 240 630 sunt
262 565 381 646 negotii
405 567 566 646 gerentes,
598 568 674 628 sunt
704 566 801 629 etiam
831 567 971 630 libertini
994 568 1172 649 optimates.
1218 567 1389 643 Numerus,

160 676 199 736 ut
223 672 300 747 dixi,
328 671 424 734 huius
449 672 572 752 generis
596 673 660 735 late
691 674 723 735 et
752 672 997 741 variediffusus
1022 676 1086 749 est,
1117 673 1172 737 sed
1196 692 1296 754 genus
1319 674 1389 736 uni-

160 797 306 853 versum,
336 779 374 840 ut
403 778 535 840 tollatur
567 796 670 853 error,
698 779 785 841 brevi
817 778 1031 842 circumscribi
1061 782 1094 842 et
1123 779 1245 842 definiri
1275 782 1388 861 potest.

158 885 282 949 Omnes
306 883 475 965 optimates
500 886 590 959 sunt,
621 885 676 964 qui
705 902 808 964 neque
833 886 981 948 nocentes
1006 887 1082 948 sunt
1109 905 1168 949 nec
1189 887 1307 949 natura
1329 887 1389 949 im-

159 991 250 1073 probi
279 1007 338 1053 nec
368 989 480 1052 furiosi
508 1007 567 1053 nec
596 990 689 1053 malis
721 990 901 1053 domesticis
924 991 1078 1072 impediti.
1123 992 1183 1054 nst
1213 992 1327 1073 igitur,
1350 995 1388 1054 ut

158 1098 183 1160 ii
207 1098 286 1171 sint,
311 1113 407 1175 quam
431 1098 467 1158 tu
490 1095 652 1158 nationem
676 1096 859 1178 appellasti,
890 1097 944 1176 qui
966 1097 1084 1178 integri
1107 1100 1183 1160 sunt
1206 1101 1239 1162 et
1262 1099 1331 1161 sani
1354 1101 1388 1160 et

159 1205 241 1267 bene
266 1202 421 1265 derebus
447 1202 626 1264 domesticis
655 1203 830 1265 const'tuti.
875 1202 999 1266 Horum
1024 1203 1078 1283 qui
1101 1204 1274 1280 voluntati,
1305 1223 1388 1267 com-

159 1309 280 1385 modis,
303 1308 499 1389 opinionibus
522 1308 556 1370 in
580 1308 785 1389 gubernanda
809 1309 993 1389 republica
1021 1309 1177 1385 serviunt,
1208 1310 1387 1373 defensores

159 1415 365 1497 optimatium
394 1414 518 1495 ipsique
549 1414 718 1496 optimates
750 1415 930 1495 gravissimi
960 1417 993 1478 et
1026 1415 1193 1479 clarissimi
1223 1416 1306 1479 cives
1329 1436 1388 1478 nu-

158 1523 326 1584 merantur
355 1522 387 1583 et
414 1520 571 1602 principes
595 1520 741 1584 civitatis.
788 1519 883 1598 Quid
916 1523 975 1583 est
1004 1521 1127 1602 igitur
1148 1521 1430 1603 propositumos

160 1629 223 1690 his
247 1627 303 1690 rei
326 1626 517 1707 publicae
541 1627 907 1707 gubernatoribus,
932 1628 1015 1707 quod
1038 1628 1156 1691 intueri
1180 1629 1212 1690 et
1233 1646 1293 1707 quo
1318 1647 1387 1690 cur-

159 1753 233 1797 sum
269 1752 364 1796 suum
399 1732 540 1813 derigere
575 1732 733 1796 debeant?
790 1733 829 1795 Id
865 1733 948 1812 quod
988 1736 1038 1796 est
1075 1734 1387 1815 praestantissimum

159 1841 360 1919 maximeque
377 1838 514 1919 optabile
531 1838 676 1902 omnibus
693 1838 779 1900 sanis
804 1840 836 1901 et
855 1838 944 1901 bonis
969 1842 1002 1901 et
1024 1840 1134 1916 beatis,
1157 1859 1241 1903 cum
1265 1840 1388 1920 digni-

159 1949 250 2009 tate
281 1945 418 2008 otium.
463 1943 531 2007 Hoc
563 1944 615 2023 qui
640 1945 767 2020 volunt,
797 1962 906 2007 omnes
937 1945 1122 2027 optimates,
1153 1946 1208 2026 qui
1238 1945 1387 2020 efficiunt,

160 2174 252 2228 torius
265 2173 391 2226 zuntchst
406 2172 531 2225 stehende
545 2171 613 2225 ordo
626 2177 747 2239 equester
801 2173 904 2240 gischer
930 2171 1067 2226 Gebraueh
1095 2173 1142 2225 der
1164 2173 1329 2241 Prepesition
1353 2197 1385 2215 =

159 2262 213 2314 und
228 2262 269 2314 die
284 2262 392 2315 tribuui
406 2261 518 2314 aerarii.
535 2291 568 2298 -
584 2259 746 2328 rusticique]
802 2277 899 2326 „wenn
917 2278 945 2313 es
969 2262 1024 2314 sich
1043 2261 1153 2313 handelt
1170 2262 1252 2325 um“;
1278 2277 1298 2313 s.
1318 2262 1333 2328 ξ
1351 2261 1386 2313 87

161 2351 319 2416 ,‚Bauem“.
356 2349 411 2402 Das
434 2349 514 2402 Maso.
534 2349 606 2402 Plur.
630 2349 675 2402 des
695 2349 747 2402 Ad·
801 2366 833 2402 zu
856 2350 889 2402 iu
914 2350 963 2404 boe
988 2350 1109 2404 crimine.
1137 2379 1170 2386 -
1194 2349 1312 2417 ipsique]
1336 2365 1387 2416 que

156 2437 599 2506 jektivswirdoftsubstantiviert,
613 2454 657 2490 um
671 2438 746 2490 einen
801 2437 836 2490 im
854 2438 1005 2505 folgernden
1024 2439 1103 2491 Sinne
1122 2462 1154 2480 =
1175 2437 1250 2503 „und
1274 2454 1302 2490 so
1320 2438 1386 2490 auch

159 2527 244 2580 Stand
274 2527 336 2579 oder
374 2527 430 2579 eine
461 2526 622 2592 Abteilung,
657 2525 747 2578 Partei
802 2526 884 2578 selbst
897 2525 1387 2595 (alshbchstgewichtigeOptimaten)

160 2633 185 2669 u.
206 2633 226 2668 s.
245 2632 276 2669 u.
302 2632 334 2668 zu
357 2615 525 2679 bezeichnen3
550 2614 602 2681 vgl.
627 2614 745 2668 munici-
800 2615 981 2667 betrachtet“.

155 2704 253 2772 palea,
281 2704 421 2770 libertini,
448 2708 591 2769 uoeeutes,
618 2702 745 2770 improbi,
838 2714 878 2757 aa.
909 2701 984 2769 Quid
1011 2708 1051 2756 eu
1077 2703 1167 2770 igitur
1194 2702 1385 2771 propositum]

159 2792 239 2858 boui;
266 2793 348 2859 §982
370 2792 434 2845 suni
459 2796 496 2857 (et
513 2792 589 2857 boui)
613 2796 638 2845 et
664 2791 744 2844 beuti.
801 2790 942 2856 „Welches
969 2791 1023 2843 Ziel
1048 2791 1132 2844 haben
1156 2791 1212 2843 sloh
1237 2791 1292 2843 also
1316 2790 1386 2843 diese

159 2878 249 2932 Sslten
271 2880 307 2932 im
332 2879 419 2947 Singz
442 2879 597 2934 rusticulus
618 2895 675 2932 ucu
701 2879 745 2931 iu·
800 2878 999 2931 Staatsmtinner
1014 2878 1158 2946 gesetat‘l“
1175 2909 1208 2916 -
1226 2878 1344 2946 intueri]
1364 2896 1384 2933 s.

159 2973 259 3022 cautus
273 2969 288 3035 ᾗ
303 2968 349 3032 82;
368 2968 471 3022 otiosus
485 2969 500 3035 ξ
514 2968 574 3022 110.
590 2997 623 3004 -
642 2967 745 3035 ueqotii
799 2968 868 3034 513.
883 2995 915 3004 -
932 2984 1042 3021 causum
1051 2967 1276 3036 euumderiqere]
1292 2968 1387 3035 decipe

157 3056 292 3124 gerentes]
313 3054 576 3121 „Geschtftsleute“.
614 3056 663 3108 Die
681 3055 745 3108 Sub·
800 3079 833 3098 =
853 3057 952 3121 „eine
971 3057 1121 3109 bestimmte
1139 3057 1274 3123 Richtuug
1291 3057 1386 3124 genade

158 3143 353 3210 stantivierung
377 3143 422 3196 des
440 3145 536 3196 Partic.
556 3144 643 3197 Praes.
662 3143 745 3196 findet
799 3162 847 3197 aus
874 3145 987 3212 geben“,
1015 3144 1108 3214 diripe
1137 3170 1169 3188 =
1198 3147 1287 3211 „nach
1315 3163 1386 3198 ver-

159 3232 216 3285 sich
240 3230 358 3298 hdufiger
385 3231 420 3284 im
445 3232 516 3286 Plur.
545 3233 585 3285 als
612 3234 646 3285 im
672 3232 744 3299 Sing.
800 3233 1004 3286 schiedenen
1018 3233 1106 3286 Seiten
1120 3234 1252 3286 richten“.
1281 3233 1312 3286 In
1327 3234 1386 3286 dem

158 3320 435 3374 desselben-malis
444 3321 598 3374 duneatieis
607 3321 743 3389 impediti]
798 3322 975 3388 gebrauchten
1003 3322 1078 3374 Bilde
1110 3339 1159 3374 von
1189 3322 1235 3374 der
1267 3322 1386 3374 Seeiahrt

159 3409 265 3475 „durch
293 3409 409 3478 traurige
436 3409 596 3478 persdnliche
623 3410 745 3464 Vernult-
799 3410 920 3463 schliesst
942 3411 998 3462 sich
1020 3410 1094 3478 jeder
1116 3411 1230 3463 einzelne
1253 3410 1309 3463 Teil
1327 3410 1385 3463 har·

158 3498 228 3549 nisse
253 3497 485 3576 unselbsttndig“.
511 3527 545 3534 —
570 3497 623 3552 Eat
646 3498 744 3567 iqitur,
800 3498 1180 3564 monisehandenandernau,
1194 3499 1385 3568 entspreohend

157 3584 201 3652 ut]
217 3584 273 3650 „Es
284 3585 359 3638 stellt
368 3585 424 3638 sich
434 3585 489 3638 also
498 3585 699 3651 uersusgdass‘fl
710 3616 743 3624 ·-
799 3587 845 3639 der
864 3586 1011 3639 Vorschrilt
1029 3586 1189 3650 Quintiliane
1207 3587 1280 3649 VllI,
1295 3588 1320 3652 6,
1335 3587 1384 3640 50:

157 3673 272 3741 mlequi]
291 3673 318 3726 in
336 3673 517 3736 moralischer‚
541 3674 605 3726 aaut
623 3673 650 3726 iu
669 3674 744 3726 intel-
799 3675 950 3744 „imprimis
982 3678 1023 3727 est
1050 3675 1248 3727 custodiendum
1276 3679 1307 3728 ut
1333 3693 1385 3744 quo

157 3761 296 3815 lektusllor
320 3762 505 3829 (verntinftig),
531 3762 595 3816 beue
614 3803 619 3815 .
635 3801 662 3815 ..
681 3779 743 3817 cou-
798 3781 830 3816 ex
853 3780 947 3830 genere
971 3764 1086 3832 coeperis
1112 3764 1306 3828 translationis,
1336 3765 1385 3817 hoe
1457 3821 1461 3826 ,

95 3891 98 3897 .
157 3849 250 3902 stituit
272 3850 299 3903 in
324 3848 484 3902 finanzieller
508 3850 670 3918 Beziehung:
695 3851 744 3916 „in
799 3852 933 3905 desinas“.
950 3882 983 3889 —
1003 3852 1102 3918 beatis]
1122 3851 1383 3917 ,‚Wohlhabenden“.

157 3937 315 4004 geordneten
326 3937 707 4006 Vermbgonsverhtltnissen“.
718 3973 744 3982 ν
798 3940 899 3993 Horas:
924 3956 996 3995 uuor
1014 3941 1095 3994 beatu
1119 3941 1199 4006 „eine
1217 3940 1302 3994 reiehe
1321 3939 1384 3995 Gat-

157 4025 292 4093 aerviuui]
323 4026 418 4094 gehdrt
449 4043 481 4080 zu
512 4027 543 4079 iu
573 4043 603 4080 re
630 4028 745 4096 publico
798 4030 870 4083 tin“.
900 4059 934 4066 —
961 4046 1023 4083 eum
1050 4029 1189 4098 dignitate
1215 4029 1315 4097 otium]
1343 4030 1384 4083 die

156 4113 347 4181 puberuuudu.
393 4115 490 4183 opinio
520 4115 644 4170 bedentet
673 4117 743 4170 also:
798 4117 1068 4185 Aulreohterhaltuug
1081 4117 1126 4169 des
1140 4117 1384 4171 offentliehenrrie

157 4201 313 4267 Ansichten,
327 4202 575 4271 Parteigrundsiitzo
589 4205 744 4270 (betreffend
798 4207 862 4260 dens
889 4206 943 4258 und
975 4206 1021 4258 der
1046 4206 1123 4259 Ruhe
1155 4206 1303 4258 verbunden
1334 4208 1384 4258 mit

157 4289 199 4342 dio
217 4289 332 4358 Iaitung
350 4291 396 4344 des
414 4291 538 4357 Stratos).
559 4323 592 4332 -
611 4293 653 4361 iu]
672 4310 743 4347 ensr·
798 4295 869 4348 einer
887 4295 1066 4362 angesobenon
1080 4294 1208 4362 Stellung.
1242 4294 1317 4346 Naeh
1330 4293 1381 4347 Cic.
