3159 4759
207 290 243 349 66
679 293 716 345 Μ.
735 291 815 345 Tullii
834 291 965 347 Cioeronis

134 430 137 437 ¹
208 455 370 535 peratore,
399 453 562 536 repulsus,
592 434 704 516 animo¹
725 455 835 517 tamen
861 452 971 516 hostili
998 471 1071 515 enm
1095 453 1224 533 reliquis
1249 452 1315 515 suis
1338 453 1440 535 oopiis

208 560 241 622 in
257 560 392 641 pristina
407 562 514 623 mente
530 561 658 622 mansit.
693 560 788 623 Hune
805 559 861 624 Cn.
877 558 1057 640 Pompeius,
1080 578 1154 623 oum
1176 560 1210 621 in
1233 560 1299 622 suis
1322 560 1440 623 eastris

210 666 385 747 supplicem
415 666 571 729 abiectum
602 665 749 741 vidisset,
779 666 879 729 erexit
907 668 1003 746 atque
1032 665 1155 746 insigne
1184 667 1321 746 regium,
1352 666 1439 747 quod

209 772 262 835 ille
294 771 332 835 de
364 790 420 835 suo
452 772 554 853 eapite
585 772 758 848 abiecerat,
791 772 932 853 reposuit
962 773 994 835 et
1023 773 1117 834 oertis
1147 773 1241 836 rebus
1271 773 1441 854 imperatis

209 896 342 959 regnare
366 878 469 952 iussit,
492 897 551 942 neo
573 879 678 941 minus
703 881 735 942 et
759 879 819 942 sibi
843 881 876 941 et
897 878 972 941 huio
994 878 1126 959 imperio
1150 879 1321 958 gloriosum
1343 880 1441 960 puta-

167 984 256 1047 tevit
279 985 490 1048 eonstitutum
515 1003 533 1048 a
553 1002 586 1048 se
602 1003 709 1065 regem
727 1004 824 1065 quam
840 986 1048 1049 constrictum
1063 985 1170 1047 videri.
1204 985 1285 1048 Rex
1307 986 1441 1066 igitur

209 1092 439 1167 Armenius,
469 1091 524 1171 qui
547 1093 579 1153 et
601 1092 668 1172 ipse
692 1091 793 1154 hostis
816 1090 879 1154 fnit
901 1092 1008 1173 populi
1031 1092 1167 1155 Romani
1190 1094 1223 1155 et
1246 1093 1441 1155 acerrimum

209 1196 334 1260 hostem
362 1198 396 1259 in
418 1216 553 1278 regnum
576 1198 709 1279 recepit,
740 1198 796 1277 qui
819 1196 973 1271 conflixit,
1004 1198 1058 1277 qui
1087 1199 1178 1279 signa
1201 1199 1350 1273 eontulit,
1382 1199 1440 1279 qni

211 1302 249 1365 de
279 1303 411 1385 imperio
441 1322 539 1385 paene
571 1303 761 1379 desertavit,
796 1304 909 1384 regnat
943 1303 1035 1368 hodie
1070 1305 1103 1367 et
1132 1305 1290 1368 amicitiae
1320 1323 1440 1367 nomen

211 1426 249 1472 ao
272 1410 441 1485 societatis,
465 1409 548 1490 quod
573 1410 670 1472 armis
692 1409 836 1485 violarat,
858 1408 890 1472 id
912 1410 1058 1491 precihus
1083 1412 1132 1473 est
1155 1413 1359 1474 oonseoutus:
1383 1411 1439 1474 ille

212 1513 348 1597 Cyprius
378 1516 490 1592 miser,
521 1516 576 1596 qui
603 1533 729 1597 semper
752 1515 890 1587 amiens,
921 1533 1045 1597 semper
1074 1516 1176 1579 sosius
1204 1514 1278 1591 fnit,
1307 1516 1345 1580 de
1376 1535 1442 1596 qno

211 1623 301 1685 nulla
324 1641 477 1702 umquam
503 1623 638 1704 suspioio
663 1622 770 1685 durior
795 1625 852 1686 aut
875 1622 915 1685 ad
940 1625 1088 1685 senatum
1104 1625 1161 1687 ant
1177 1622 1216 1685 ad
1232 1624 1440 1705 imperatores

213 1728 320 1791 adlata
342 1734 468 1791 nostros
492 1731 555 1804 est,
587 1728 690 1804 vivus,
721 1731 758 1791 ut
787 1729 891 1804 aiunt,
922 1732 972 1791 eet
1000 1731 1032 1792 et
1061 1728 1171 1792 videns
1196 1748 1268 1792 enm
1292 1729 1378 1793 viotu
1402 1744 1442 1793 ao

212 1834 331 1897 vestitu
355 1852 412 1897 suo
435 1835 625 1917 publicatus.
671 1835 734 1911 En,
766 1854 823 1899 our
850 1835 947 1898 oeteri
970 1853 1060 1915 reges
1085 1836 1232 1899 stabilem
1255 1853 1323 1899 esse
1348 1853 1440 1898 suam

213 2098 282 2134 seres
300 2081 442 2135 Reiohes“.
469 2110 500 2120 -
527 2083 621 2135 animo
698 2080 798 2149 mente]
853 2098 882 2135 so
901 2099 932 2134 au
952 2098 1032 2149 regen
1051 2084 1124 2134 einen
1140 2081 1444 2152 Entsoheidnngekampf

212 2169 650 2239 EroteresdriioktdieGesinnung
663 2172 703 2224 ale
718 2170 799 2238 „Wil-
852 2170 959 2238 geffihrt
982 2171 1038 2223 hat.
1065 2200 1098 2209 -
1124 2170 1215 2237 hodie]
1241 2171 1301 2238 stige
1328 2170 1439 2235 „nooh“

211 2259 285 2327 ien“,
310 2258 432 2311 letzteres
457 2258 497 2311 als
516 2260 669 2325 „Denhen“
688 2277 744 2313 aus.
764 2290 798 2297 —
853 2259 939 2313 hinnu.
968 2289 1002 2297 -
1029 2260 1076 2313 ille
1105 2258 1236 2329 Cypriae]
1264 2259 1441 2312 adversativae

213 2348 245 2400 in
269 2348 328 2401 sois
353 2346 463 2415 eastris]
489 2349 535 2401 auf
550 2348 688 2418 Pompejus
707 2350 799 2416 bertig-
853 2347 1021 2415 Asyndeton:
1054 2348 1194 2415 „dagegen
1220 2348 1295 2416 jener
1322 2346 1376 2402 C.“.
1406 2378 1439 2385 —

213 2435 274 2489 lioh.
311 2436 365 2489 Das
383 2436 460 2490 Pron.
481 2437 567 2502 steht,
592 2438 649 2489 weil
674 2438 720 2491 der
737 2437 799 2491 Um·
854 2435 964 2503 darier]
1002 2436 1223 2504 „einigermaisen
1259 2437 1442 2504 gravierender

214 2524 292 2577 stand
307 2525 348 2577 die
361 2524 542 2593 Hilflosigheit
556 2526 601 2578 des
615 2525 740 2593 Tigranes
755 2544 799 2579 um
853 2524 1018 2579 Vernaoht‘t
1046 2526 1101 2578 Das
1118 2526 1209 2578 latein.
1224 2525 1348 2593 Adjolrtiv
1366 2526 1441 2578 steht

213 2630 242 2667 so
275 2613 420 2667 deutlioher
451 2614 631 2668 hervortreten
663 2614 736 2668 laist.
764 2645 797 2653 -
854 2613 1442 2682 sehrhtufigdawoderDeutsoheeinadjeh-

212 2703 362 2771 supplicem
381 2703 526 2771 matam]
546 2721 628 2769 „zum
647 2704 800 2756 Bittflehen-
854 2701 973 2755 tiviertes
987 2702 1103 2771 Partioip
1122 2703 1189 2756 ohne
1202 2702 1300 2771 Objeht
1313 2704 1441 2756 branoht:

213 2790 446 2859 denemiedrigt“‚
461 2792 529 2845 donn
543 2792 800 2862 supplaaisthppo-
855 2791 1054 2858 „gewinnend“
1073 2792 1228 2858 ineundas,
1247 2792 1418 2858 „bedentend
1425 2793 1441 2818 ‘⁴

214 2878 293 2931 sitien
312 2879 366 2931 und
384 2880 480 2932 nhhero
499 2880 684 2948 Bestimmung
702 2898 732 2933 zu
752 2881 800 2933 ab·
853 2895 989 2948 maanus,
1021 2880 1250 2947 ‚‚beffiedigend“
1277 2880 1443 2949 probabilis,

213 2967 305 3021 iaetus.
321 2995 355 3005 -
374 2968 482 3035 iaeiqaa
495 2968 612 3036 sepium]
628 2969 691 3034 „die
705 2969 800 3035 Krene,
855 2968 1069 3035 „beangstigend
1077 2970 1092 2993 ‘⁴
1131 2969 1280 3036 terrthilis,
1327 2969 1443 3035 „auhm-

215 3054 262 3108 das
276 3055 408 3107 Diadem“
423 3055 620 3120 (nichtcorona
627 3058 654 3121 i).
671 3087 703 3095 —
719 3058 802 3111 certis
854 3056 938 3109 lond“
957 3057 1109 3123 mirabilis,
1134 3057 1302 3123 „bleibend“
1328 3057 1443 3111 diatm-

214 3144 296 3197 rebae
313 3142 469 3211 imperatio]
494 3143 531 3196 Er
548 3144 646 3198 museto
665 3146 735 3200 6000
753 3146 802 3198 To·
853 3162 916 3212 aas,
936 3145 1112 3211 ‚‚driiokond“
1129 3146 1231 3214 pravis.
1252 3174 1285 3183 -
1303 3146 1390 3212 mous,
1409 3151 1444 3199 aa

214 3232 286 3284 lento
305 3231 396 3284 zahlen
421 3232 475 3284 und
501 3232 571 3285 seina
589 3233 737 3297 hisharigen
755 3233 801 3286 Er·
855 3235 952 3300 aima,
971 3239 999 3287 et
1015 3233 1121 3302 videno]
1146 3234 1198 3286 Mit
1214 3240 1249 3287 ut
1267 3234 1350 3288 aimot
1367 3234 1444 3287 ffihrt

215 3320 362 3387 oberungen
373 3320 558 3387 herausgehen.
570 3350 602 3358 -
616 3321 737 3390 putavit]
751 3338 802 3375 von
855 3322 907 3377 Cio.
921 3323 1014 3375 immor
1027 3323 1084 3376 eine
1098 3322 1319 3392 spriohwhrtliehe
1327 3323 1444 3376 Redone-

216 3406 262 3460 der
281 3408 443 3475 subjehtiven
457 3408 593 3476 Meinung3
613 3411 664 3478 vgl.
679 3411 694 3478 ᾗ
707 3411 751 3463 40.
767 3440 801 3449 -
856 3414 898 3464 art
916 3428 958 3465 an.
996 3411 1118 3479 Sonstige
1135 3411 1255 3465 Formeln
1275 3411 1333 3465 sind
1351 3417 1385 3464 at
1403 3417 1445 3465 eet

215 3496 397 3550 constitutam
458 3498 647 3565 ooewtriotum]
661 3498 742 3567 Fignr
756 3499 803 3551 der
854 3501 887 3553 in
899 3506 986 3555 vam
996 3502 1158 3570 proverbio3
1175 3501 1207 3554 id
1220 3501 1294 3569 quod
1307 3501 1364 3554 iam
1378 3517 1443 3554 eoa·

215 3584 400 3638 Annominatio
413 3588 645 3657 (παρονομασία);
660 3588 801 3656 s.zu§53.
855 3590 955 3643 tritam
978 3596 1019 3643 est
1042 3595 1174 3644 vetustate
1194 3591 1370 3658 proverbium
1376 3608 1386 3656 ,·
1410 3596 1446 3643 at

253 3685 294 3727 ts.
313 3675 488 3744 neemanim]
507 3692 528 3730 s.
547 3694 578 3729 au
593 3676 609 3743 ξ
623 3678 666 3731 45.
687 3706 719 3715 -
738 3694 802 3732 oon-
856 3678 968 3732 dioitue.
1004 3677 1130 3731 Bemerlre
1148 3679 1190 3731 die
1208 3678 1389 3731 Allitteration
1415 3679 1445 3733 in

216 3763 299 3831 aima,
308 3763 390 3831 mona
399 3765 527 3832 eontulit]
537 3765 802 3819 Dasersterehonnte
857 3767 905 3819 den
920 3766 1042 3820 wortem
1058 3768 1137 3821 meas
1149 3767 1245 3821 eidem
1256 3768 1348 3821 vatus
1361 3767 1444 3821 vesti

216 3868 245 3904 er
269 3851 335 3904 auch
359 3852 400 3904 fiir
423 3854 493 3906 seine
511 3854 622 3919 Person,
647 3854 714 3907 ohne
731 3855 803 3908 Heer
856 3861 909 3910 tae.
925 3886 958 3893 —
973 3855 1131 3922 oamoieta]
1140 3846 1212 3909 Uber
1220 3872 1283 3909 eam
1292 3856 1445 3923 ruffi.-

216 3940 368 4009 (hempfenk
382 3940 547 3995 dasletztere
556 3959 607 3995 nur
616 3959 649 3995 an
659 3942 705 3995 dor
714 3942 802 4012 Spitzo
855 3944 914 4011 En,
927 3945 987 4011 aar]
1008 3944 1112 4011 „Sieha
1126 3946 1159 3997 ob
1224 3945 1314 3997 holten
1329 3944 1445 3999 sollen“.

217 4028 301 4081 seinos
315 4028 421 4083 Haeres.
449 4030 480 4082 In
499 4031 614 4099 eoatlipo
631 4032 698 4098 liegt
711 4032 803 4084 immor
856 4047 891 4085 aa
915 4032 989 4085 ffihrt
1015 4035 1097 4085 etwas
1120 4032 1208 4085 Neues
1235 4032 1275 4085 als
1302 4032 1446 4086 besonders

217 4115 258 4168 die
282 4115 396 4169 Absieht
420 4118 466 4170 der
490 4118 678 4186 Vemiohtung.
707 4150 741 4157 -
768 4120 802 4174 de
856 4119 964 4187 wiohtig
981 4120 1035 4186 ein,
1054 4121 1101 4173 wie
1119 4136 1185 4175 ecoe.
1204 4150 1238 4159 —
1255 4121 1382 4175 stabilem

216 4204 342 4273 imperio]
368 4222 432 4272 „um
456 4206 498 4259 die
516 4206 734 4261 Woltherrsohsft
752 4209 804 4261 mit
856 4206 1011 4276 femmam]
1032 4210 1109 4275 „ihre
1126 4210 1195 4262 hoho
1208 4210 1329 4277 Stellung
1346 4210 1388 4262 hir
1400 4227 1446 4278 ge-

215 4292 282 4346 Rom
301 4294 447 4364 hitmpfte“.
474 4324 507 4335 -
529 4311 620 4363 paona
643 4296 801 4363 decertavit]
857 4297 956 4350 einhart
982 4298 1072 4351 halten
1100 4298 1215 4351 sollen“.
1258 4298 1376 4363 fortuna
1403 4299 1446 4351 als
