3159 4759
527 279 574 331 pro
592 262 621 316 P.
640 261 725 315 Sestio
743 262 835 316 aratio.
872 278 894 316 e.
913 263 938 316 9.
958 263 1000 317 10.
1343 260 1378 323 ἳῖ

150 440 210 486 sua
248 420 409 486 hominem
447 423 604 487 vacabant
647 423 785 486 materni
830 422 954 504 generis
993 422 1092 486 obliti.
1156 424 1223 504 Ege
1268 427 1377 489 autem
1390 443 1420 485 υ
1526 414 1550 457 f

150 564 192 574 -
216 546 288 592 vera
313 528 435 605 diuam,
465 528 599 605 iudiaes,
626 565 667 574 -
692 530 819 591 tantum
850 546 919 594 asse
942 528 976 592 in
998 528 1125 593 homine
1149 530 1293 606 sceleris,
1322 549 1378 594 au·

147 634 272 711 daciae,
303 634 518 710 crudelitatis,
550 636 708 715 quantum
736 634 804 716 ipse
835 651 908 697 eum
937 652 972 697 re
1003 634 1130 716 publiea
1152 636 1254 713 sensi,
1285 615 1378 699 num-

149 758 247 822 quam
270 742 398 823 putavi:
429 758 568 822 nequam
600 758 668 805 esse
691 740 853 803 hominem
883 741 916 803 at
938 741 1042 804 levem
1073 742 1106 804 at
1128 740 1210 805 falsa
1233 742 1376 824 opinione

147 847 314 911 hominum
339 848 377 912 ab
402 847 620 912 adulescentia
643 845 902 911 commendatum
927 846 1083 910 sciebam:
1107 847 1226 911 etenim
1250 848 1376 912 animus

148 954 217 1018 eius
251 955 359 1031 vultu,
394 952 517 1035 flagitia
546 952 721 1035 parietibus
757 952 964 1033 tegebantur;
1000 953 1055 1016 sed
1090 953 1169 1017 haee
1203 954 1376 1018 obstructio

146 1078 206 1123 nee
236 1059 388 1124 diuturna
416 1062 466 1124 est
493 1078 597 1141 neque
621 1058 758 1124 obducta
791 1059 855 1135 ita,
889 1060 927 1121 nt
956 1058 1087 1123 annosis
1118 1059 1217 1124 oeulis
1240 1060 1375 1143 perspici

145 1184 210 1230 non
232 1167 341 1247 possit.

235 1272 432 1337 Videbamus
456 1291 557 1354 genus
580 1272 674 1348 vitae,
698 1271 862 1349 desidiam,
884 1272 1054 1336 inertiam:
1083 1272 1223 1335 inclusas
1247 1271 1315 1335 eius
1338 1271 1430 1337 lile

146 1379 277 1455 bidinea
303 1380 357 1461 qui
372 1380 468 1462 paulo
484 1378 614 1461 propius
635 1381 845 1455 aaaesserant,
868 1379 1093 1443 intuebantur:
1117 1378 1253 1459 denique
1278 1378 1375 1442 etiam

145 1504 249 1549 sermo
272 1486 410 1549 hominis
434 1503 529 1549 ansas
553 1484 665 1561 dabat,
695 1484 811 1566 quibus
833 1485 1013 1549 reconditos
1037 1486 1105 1549 eius
1129 1502 1241 1549 sensus
1265 1486 1373 1547 tenere

144 1610 319 1673 possamus.
362 1592 530 1657 Laudabat
551 1592 645 1657 hemo
669 1591 781 1657 doetus
804 1592 1006 1674 philosophos
1029 1592 1135 1657 neseio
1159 1610 1247 1673 ques,
1269 1608 1373 1672 neque
1387 1610 1417 1653 ra

144 1715 255 1761 earum
285 1700 394 1761 tamen
422 1699 552 1762 nomina
580 1700 707 1781 poterat
740 1698 861 1763 disere:
897 1698 953 1762 sad
987 1700 1097 1762 tamen
1131 1716 1185 1761 aas
1219 1696 1373 1761 laudabat

144 1804 298 1879 maxime,
323 1784 378 1885 qui
402 1804 552 1869 dieantur
574 1806 701 1886 praeter
724 1806 845 1867 eeteros
869 1822 938 1868 esse
963 1805 1109 1868 austeres
1133 1805 1165 1869 et
1188 1802 1373 1867 laudatores

144 1910 344 1992 voluptaria.
365 1911 456 1974 euius
487 1912 519 1973 et
549 1928 611 1991 quo
641 1912 784 1991 tempore
815 1912 848 1973 et
872 1928 934 1991 quo
956 1909 1064 1985 medo,
1093 1928 1157 1973 non
1181 1909 1372 1990 quaerebat;

143 2016 275 2079 verbum
308 2016 416 2097 ipsum
452 2016 597 2079 omnibus
633 2016 731 2080 animi
765 2018 798 2079 et
833 2016 970 2098 eorporis
1003 2015 1151 2094 partibas
1186 2016 1371 2086 devorarat;

141 2296 318 2364 Verfahran“,
344 2297 369 2351 d.
389 2297 415 2350 lr.
436 2297 592 2364 „sehriaban
615 2298 669 2349 ihm
688 2296 730 2350 dia
784 2314 841 2351 zum
867 2296 923 2350 Tell
947 2298 989 2349 bei
1011 2296 1066 2349 ihm
1091 2296 1177 2350 allain.
1218 2296 1292 2349 Viale
1315 2296 1371 2349 dar-

142 2385 308 2439 Radliehlrait
334 2386 418 2439 asinar
436 2386 580 2439 Vorfahren
607 2386 670 2440 zu“.
695 2415 730 2424 —
785 2386 873 2439 selben
892 2385 940 2438 hat
958 2402 986 2438 ar
1005 2402 1055 2438 neu
1072 2385 1196 2453 gebildet.

142 2474 262 2529 mereret
283 2475 402 2543 aenaria]
430 2475 484 2527 Der
508 2472 661 2529 Grolsvatar
684 2474 729 2528 des
820 2491 898 2559 nep.
918 2491 967 2548 10,
1006 2491 1183 2558 ardebam]
1202 2490 1305 2544 Formel
1324 2490 1371 2543 (ιω

142 2563 203 2616 Piso
221 2580 271 2616 von
298 2562 479 2616 mlitterlieher
497 2562 567 2616 Seite
586 2579 639 2615 war
662 2563 729 2616 nach
782 2580 1000 2650 Rflhpjtmfion
1008 2570 1372 2648 bfljmnbfflgfflgeweinom

141 2651 194 2707 cio.
213 2652 241 2705 in
260 2651 390 2707 Pisonem
408 2652 451 2717 26,
471 2652 505 2705 62
529 2651 571 2704 ain
589 2651 728 2707 Mediola-
782 2686 867 2723 nouo„
890 2667 1082 2737 Qeuffldo,
1108 2697 1142 2707 -
1165 2668 1290 2723 imum
1307 2668 1370 2734 ew]

141 2741 235 2803 &7³⁸5ss
254 2756 370 2809 praeeo,
396 2740 438 2793 ⁰1¹1
462 2740 590 2793 Aflflfflfflf
611 2740 640 2793 in
662 2740 728 2793 Mai·
782 2758 837 2812 Der
851 2756 998 2827 Gagensata
1012 2757 1133 2825 varlangt
1146 2757 1188 2810 die
1201 2756 1368 2810 Adversativ·

141 2828 218 2893 land,
242 2829 310 2882 naeh
334 2829 405 2882 einer
428 2828 541 2881 anderen
565 2828 647 2881 Stella
672 2828 728 2882 der·
782 2847 1050 2918 pmik01„ab01⁶‘‚
1075 2845 1117 2899 (fio
1135 2846 1171 2898 im
1190 2844 1370 2898 rhemfigohffl

141 2917 231 2971 salben
255 2917 326 2970 Reda
353 2918 395 2970 ein
419 2917 560 2982 Insubrum,
590 2916 727 2984 jedanfalls
781 2935 936 3005 myndam
958 2934 1149 2988 adversativum
1173 2933 1218 2987 (ιθ,
1236 2933 1370 2987 [minem

140 3006 196 3058 ³¹⁸⁰
216 3005 257 3058 ⁰1¹1
276 3003 382 3058 Gaffi‘ff·
782 3026 856 3093 liegt.
871 3053 905 3063 -
919 3022 1114 3091 intuebamur]
1133 3023 1271 3089 „konntan
1284 3038 1370 3090 ganan

179 3122 220 3164 22.
238 3111 356 3178 scalaria]
376 3128 397 3164 a.
417 3128 448 3164 zu
466 3112 481 3179 ξ
499 3112 526 3164 2.
550 3140 583 3149 -
607 3128 669 3167 ema
686 3127 727 3165 ra·
782 3110 1369 3178 wahmehmen“.-anaas...recouditar]

136 3200 254 3269 publiea
272 3199 356 3267 seua]
381 3199 470 3265 „haba
487 3199 515 3252 in
534 3197 728 3255 Gamainsahaft
783 3200 980 3266 „Handlrabem
999 3217 1044 3253 um
1117 3217 1149 3253 au
1166 3199 1261 3266 lassan,
1280 3216 1312 3252 zu
1331 3215 1370 3253 er·

140 3290 190 3343 mit
214 3288 271 3342 dem
295 3287 335 3342 St.
361 3288 507 3359 emplindan
531 3290 667 3342 miissen“.
693 3317 726 3327 -
782 3290 917 3359 tappen“;
953 3289 1005 3357 rgl.
1034 3289 1104 3342 Lael.
1136 3289 1184 3343 59:
1213 3292 1369 3359 ,‚tamqnam

139 3376 215 3442 falsa
241 3377 384 3445 opinione]
415 3392 457 3445 op.
485 3378 523 3430 iat
550 3378 643 3430 immor
670 3377 727 3430 eine
781 3394 860 3431 ansas
878 3377 912 3430 ad
930 3377 1201 3447 reprehendendum“.

141 3464 286 3533 subjaltiva
304 3465 442 3534 Meinmng,
467 3466 508 3519 bai
528 3466 574 3519 dar
591 3482 651 3519 man
671 3465 726 3518 siah
819 3478 860 3520 aa.
885 3466 1072 3534 nescioquas]
1097 3465 1149 3521 (lie.
1174 3466 1257 3520 kannt
1279 3469 1369 3519 natiir·

139 3553 204 3606 tiber
228 3553 270 3607 dia
289 3552 395 3608 Grt'rnde
420 3553 494 3607 nieht
516 3554 575 3607 klar
592 3553 665 3607 wind.
692 3583 725 3592 —
780 3555 834 3609 lieh
857 3555 906 3608 den
931 3553 1033 3608 Namen
1061 3554 1107 3608 dar
1131 3554 1274 3624 Epiknreer
1301 3571 1368 3622 ganz

138 3641 175 3695 ab
194 3640 395 3709 adulescentia]
415 3642 572 3709 „vonsaiten
585 3641 670 3695 seiner
688 3641 726 3708 (in
780 3660 880 3711 ganan,
905 3644 959 3696 will
982 3644 1044 3696 aber
1069 3643 1119 3696 dan
1142 3643 1298 3711 gehiesigen
1316 3642 1369 3697 An·

139 3728 256 3783 dulserar
269 3728 428 3783 Ehrbarkait
445 3730 627 3796 verbraehten)
644 3730 726 3798 Jdng-
781 3731 869 3785 aehein
884 3731 1059 3799 gneehisuhar
1073 3731 1190 3799 Blldung
1203 3732 1249 3785 dar
1262 3731 1368 3798 grossen

138 3816 314 3885 lingsjahra“,
340 3818 395 3872 also
420 3818 478 3874 dem
501 3818 580 3873 Sinna
605 3818 672 3872 nauh
691 3842 726 3863 =-·
780 3820 874 3887 Mange
899 3821 984 3873 sainer
1007 3820 1121 3873 Zuhdrer
1144 3820 1291 3888 gagandbar
1313 3837 1367 3873 var-

138 3905 229 3959 durah.
249 3934 281 3943 -
308 3907 431 3975 animus]
449 3907 503 3961 Der
521 3906 668 3976 Gagansata
686 3924 726 3961 ar·
779 3908 895 3975 maidan,
921 3910 968 3962 wie
987 3908 1077 3976 hdufig
1100 3909 1128 3962 in
1147 3908 1197 3961 dan
1215 3908 1312 3962 Redan.
1333 3938 1366 3947 -

138 3993 250 4049 lordart:
277 3995 371 4060 „seina
396 3996 482 4049 nahra
504 3997 657 4064 (wirkliehe)
676 3994 725 4050 Ga·
780 3996 918 4063 auctores]
939 3996 1128 4063 ‚,Vartretar“.
1142 4026 1178 4035 -
1197 3995 1366 4064 laudatores]

138 4083 284 4151 sinnung“.
314 4112 346 4121 -
375 4084 537 4153 obstructio]
565 4085 619 4139 Das
647 4084 725 4138 Wort
780 4083 1365 4153 ‚,grundsttalieha1ebradner“.DieSubat.

138 4172 232 4239 gehdrt
250 4188 282 4225 zu
301 4172 351 4226 dan
369 4172 422 4227 552
440 4172 579 4227 Verbalien
602 4174 650 4227 aul
671 4174 723 4241 ·io,
778 4175 826 4227 auf
842 4180 907 4241 -τον,
927 4175 998 4228 -tria
1011 4174 1125 4227 drtiekan
1143 4174 1200 4227 eina
1214 4173 1366 4241 Thatigkait

138 4259 179 4313 die
206 4261 247 4313 bai
272 4260 324 4315 Cia.
350 4263 438 4315 ruerat
462 4262 641 4328 verkommen‚
670 4262 724 4315 und
778 4279 834 4329 aus,
855 4263 950 4317 walehe
968 4265 1010 4315 fuir
1028 4262 1084 4315 ihre
1097 4262 1217 4315 Urhabar
1231 4261 1367 4313 abamita

190 4348 245 4402 Cre.
259 4364 308 4401 rna
321 4349 350 4402 P.
365 4348 435 4403 Snsr.
451 4347 530 4403 Omr.
1133 4351 1150 4404 3
