3159 4759
522 309 569 361 pro
587 292 616 346 P.
635 292 721 347 Sestio
740 293 832 346 oratic.
869 310 891 347 c.
909 293 935 347 5.
954 294 979 347 6.
1331 291 1366 349 21

226 451 273 515 De
299 470 360 533 quc
385 452 513 534 quidem
537 453 704 517 tribunatu
727 454 774 517 ita
798 453 920 518 dictum
943 456 993 518 est
1016 472 1036 531 a
1058 452 1095 532 Q.
1118 454 1305 529 Hortensio,
1328 423 1408 549 ut‘f⁴
1437 468 1459 485 ’-

137 558 206 622 eius
230 558 329 621 oratio
351 577 415 622 nen
439 558 655 624 defensionem
679 559 772 623 mcdc
802 559 964 624 videretur
994 560 1164 624 criminum
1194 560 1365 635 continere,

137 664 193 729 sed
225 664 322 728 etiam
355 665 510 729 memoria
544 665 674 746 dignam
703 665 864 729 iuventuti
893 665 939 729 rei
973 665 1118 748 publicae
1154 664 1366 747 capessendae

137 771 362 835 auctoritatem
393 770 656 853 disciplinamque
684 771 909 853 praescribere.
962 770 1026 835 Sed
1055 772 1180 847 tamen,
1216 771 1366 852 quoniam

138 876 321 941 tribunatus
344 878 433 941 tetus
456 876 491 940 P.
516 876 612 942 Sestii
634 877 714 941 nihil
745 877 833 941 aliud
859 877 922 941 nisi
949 896 1059 941 meum
1081 895 1197 941 nomen
1220 894 1367 941 causam·

137 1002 199 1064 quc
223 983 392 1060 sustinuit,
422 984 600 1047 necessario
623 984 703 1047 mihi
730 984 769 1047 de
799 983 902 1049 isdem
933 984 1027 1048 rebus
1058 1002 1127 1049 esse
1157 982 1309 1059 arbitror,
1339 984 1367 1047 si

136 1108 201 1153 nen
225 1090 373 1154 subtilius
398 1089 635 1172 disputandum,
659 1092 693 1154 et
717 1092 802 1154 certe
825 1090 985 1156 dolentius
1009 1089 1248 1172 deplorandum.
1294 1088 1366 1168 Qua

135 1196 333 1260 irroratione
357 1196 551 1279 siasperius
578 1197 612 1260 in
643 1196 799 1277 quosdam
826 1196 972 1284 hemines
1001 1196 1108 1259 invehi
1132 1196 1262 1272 vellem,
1295 1197 1365 1277 quis
1434 1254 1462 1265 .,

135 1321 200 1366 ιιοιι
229 1282 594 1380 ancedereufui'eos,
625 1321 761 1384 querum
790 1302 918 1367 sceleris
948 1301 1054 1367 furore
1084 1302 1223 1366 viciatus
1254 1320 1366 1379 essem,

136 1408 223 1473 vocis
246 1409 394 1473 libertate
409 1408 680 1491 perstringerem?
713 1408 776 1473 Sed
800 1408 1072 1500 Qamfflderam
1095 1410 1128 1473 et
1147 1409 1244 1473 huius
1259 1409 1366 1491 potius
1428 1464 1449 1474 -

136 1516 274 1597 tempori
296 1515 433 1579 serviam
457 1533 553 1596 quam
577 1514 676 1579 doleri
697 1533 785 1579 mec:
811 1514 838 1578 si
862 1515 917 1596 qui
939 1515 1062 1579 occulte
1086 1533 1105 1578 a
1129 1515 1233 1579 salute
1256 1516 1366 1578 nestra

135 1620 339 1697 dissentiunt,
362 1622 502 1695 lateant3
527 1622 553 1685 si
577 1622 632 1703 qui
654 1620 800 1685 fecerunt
823 1621 943 1702 aliquid
967 1620 1137 1702 aliquando
1161 1622 1256 1702 utque
1279 1620 1366 1684 idem

135 1745 222 1791 nunc
251 1729 360 1793 tacent
390 1730 423 1792 et
451 1728 634 1809 quiescunt,
668 1746 726 1791 nos
757 1746 883 1809 queque
916 1727 1016 1792 simus
1046 1727 1152 1799 cbliti3
1187 1726 1215 1790 si
1246 1725 1301 1808 qui
1331 1745 1365 1790 se

136 1831 289 1910 offerunt,
324 1834 540 1911 insectantur,
576 1834 682 1915 quoad
712 1833 788 1898 ferri
817 1835 983 1916 poterunt,
1018 1832 1231 1915 perferemus,
1261 1852 1364 1915 neque

137 1958 332 2021 quemquam
361 1939 499 2005 offendet
528 1942 628 2005 oratic
657 1958 745 2017 mea,
774 1940 837 2004 nisi
861 1940 916 2021 qui
939 1958 973 2003 se
996 1939 1043 2002 ita
1072 1940 1240 2016 obtulerit,
1271 1941 1408 2003 utinm

137 2064 210 2110 aum
231 2065 296 2110 non
318 2047 490 2121 invasisse,
520 2047 575 2112 sed
605 2047 817 2111 incucurrisse
845 2046 1018 2111 videamur.
1066 2046 1129 2110 Sed
1151 2064 1282 2111 necesse
1306 2048 1364 2122 est,

136 2154 355 2233 antequam
379 2153 423 2218 de
447 2154 666 2218 tribunatu
688 2153 724 2216 P.
748 2152 878 2217 Sestii
902 2152 1038 2217 dicere
1066 2152 1275 2235 incipiam,
1304 2170 1364 2216 me

136 2260 268 2322 toturn
297 2260 530 2341 superioris
561 2260 657 2324 anni
692 2260 751 2324 rei
787 2259 978 2342 publicae
1006 2257 1270 2340 naufragium
1301 2277 1365 2322 cx-

136 2383 301 2447 pcnere,
330 2366 370 2429 in
401 2385 475 2448 quc
506 2367 739 2449 colligendo
772 2385 816 2431 ac
838 2365 1070 2431 reficienda
1100 2366 1237 2430 salute
1261 2383 1365 2430 ccm-

135 2472 245 2536 muni
275 2473 408 2537 emnia
438 2474 701 2556 reperientur
730 2472 765 2536 P.
798 2472 925 2537 Sestii
954 2472 1080 2548 facte,
1110 2472 1237 2549 dicta,
1272 2491 1364 2536 con-

135 2578 235 2643 silia
257 2582 432 2644 versata.
1394 2578 1397 2583 '

135 2788 247 2843 Adverb.
271 2790 722 2847 concuteriscaufbeidewcrcer
776 2790 828 2858 rgl.
855 2791 871 2858 ᾗ
897 2788 939 2843 71.
985 2788 1019 2842 So
1045 2804 1145 2843 mcccc
1168 2788 1306 2844 Latinum
1330 2813 1361 2833 =

135 2894 168 2930 ru
186 2878 315 2933 beziehen.
776 2879 841 2931 alles
864 2894 917 2932 was
942 2877 1049 2931 Iatiner
1074 2876 1155 2931 haifst
1174 2901 1206 2920 =
1227 2877 1292 2945 „die
1317 2877 1364 2931 La·

776 2967 876 3021 tiner“.
904 2997 938 3007 -
967 2966 1108 3036 asperius]
1142 2966 1365 3034 „einigermaisen

171 3036 249 3104 Kap.
276 3036 307 3094 6.
345 3038 422 3106 ξ14.
450 3038 490 3092 15.
526 3044 653 3131 Tribunct
678 3044 722 3091 der
775 3055 898 3123 heffig“;
918 3054 1056 3124 vgl.§71.
1076 3084 1110 3093 ..
1128 3055 1237 3109 mm
1254 3054 1362 3122 surm]

135 3130 235 3179 serum
254 3130 323 3184 (Der.
342 3130 376 3179 bs
393 3131 513 3203 bisibus.
534 3131 586 3186 bi).
637 3174 640 3183 ,
777 3144 979 3212 „wahminnjgg
1015 3143 1254 3212 Rughpogigpgffi
1290 3144 1364 3198 „0053

174 3242 215 3284 ιι.
230 3229 414 3296 deseruimus
423 3232 582 3300 eriminum]
596 3232 722 3286 EiueAb-
776 3233 890 3287 libertas
915 3231 1087 3300 „freimiitige
1114 3231 1224 3298 Rede“;
1252 3233 1303 3299 vgl.
1332 3249 1364 3286 zu

135 3318 207 3371 wehr
229 3318 439 3388 (dc-fenden),
464 3321 652 3390 Widerlegung
677 3322 722 3375 der
776 3321 1010 3391 §db—aliquid
1019 3320 1362 3390 aliquaadcmugb-

133 3407 267 3461 einzelnen
286 3408 512 3479 Anklagepunkte.
532 3440 566 3449 -
589 3411 658 3479 reip.
676 3426 721 3465 ca·
775 3410 1160 3476 invasisse...ibcucurrisec]
1172 3408 1247 3476 „dass
1260 3409 1303 3462 ich
1317 3410 1363 3463 ihn

133 3496 283 3565 pacandae
306 3498 501 3553 ambituum
528 3498 721 3567 disciplinam·
776 3499 891 3553 offenbar
914 3498 1082 3565 (videamur)
1106 3498 1182 3552 nicht
1203 3498 1363 3567 angegriffen

133 3585 197 3654 que]
226 3585 308 3651 „dem
329 3586 458 3655 jtingcren
489 3585 647 3641 Geschlecht
674 3587 722 3641 das
774 3588 843 3642 habe
858 3588 925 3653 (also
939 3587 1115 3653 absichtlich),
1133 3588 1245 3641 condem
1259 3587 1306 3641 auf
1316 3587 1363 3641 ihu

134 3674 238 3727 Muster
257 3675 310 3728 und
329 3674 433 3744 System
456 3676 527 3730 einer
545 3676 643 3730 Politik
665 3692 722 3729 ver·
775 3676 909 3745 gestcssen
927 3676 994 3729 bin“
1013 3676 1080 3741 (abac
1099 3674 1313 3739 unabsichtlich).

134 3762 280 3817 zeichnen“
299 3762 397 3833 (th.).
418 3793 450 3803 -
474 3764 647 3819 amizabad
664 3764 721 3819 aba*
816 3778 855 3819 rc.
873 3764 1026 3835 asperioris
1044 3764 1126 3831 ami]
1146 3764 1192 3817 des
1205 3762 1300 3817 Jehres
1318 3764 1361 3830 58,

136 3891 176 3905 ...
194 3853 340 3921 medicauit]
365 3853 416 3907 mit
439 3854 485 3907 der
508 3853 629 3907 iiblichen
654 3853 720 3907 Ans·
775 3854 826 3907 mit
839 3853 889 3907 den
902 3852 1022 3907 Konsuln
1035 3850 1162 3906 Gabinius
1176 3851 1230 3905 und
1243 3851 1312 3906 Pisc.
1327 3881 1360 3890 -

133 3942 244 4009 baurg
261 3958 310 3995 von
335 3941 400 4008 tbcc't
418 3958 518 4011 quam:
542 3943 654 4009 „nichts
677 3960 720 3995 an·
774 3940 972 4010 naufragium]
995 3940 1102 4009 cigenti
1127 3939 1309 4005 Schid'bruch,
1334 3940 1362 3994 in

134 4030 209 4084 dares
231 4030 343 4098 gethan,
371 4032 431 4085 kain
456 4031 564 4086 anderes
589 4031 643 4085 Ziel
666 4048 720 4085 ver·
774 4031 872 4097 recusa
891 4030 1014 4100 collipcrc
1038 4029 1126 4083 erhilt
1148 4046 1177 4083 cs
1203 4029 1245 4082 die
1262 4028 1362 4083 Beden-

134 4119 267 4187 sclgthat,
282 4120 457 4175 alsdasser“.
470 4136 601 4175 -meum
609 4120 719 4187 acmen]
775 4123 844 4188 tung
868 4119 933 4186 „die
958 4118 1093 4173 Triimrner
1117 4134 1165 4171 eus
1189 4118 1247 4171 dem
1271 4116 1362 4171 schiff-

133 4208 360 4263 umschreibendes
379 4209 434 4263 und
456 4207 538 4263 nither
556 4207 721 4263 bezeichnen·
774 4208 857 4261 bruch
884 4207 1043 4273 sammelu“,
1070 4207 1121 4260 mit
1143 4205 1362 4275 metonymischer

131 4297 179 4351 dee
198 4296 353 4351 Substantiv
377 4298 418 4353 fiir
442 4297 484 4351 dic
502 4297 600 4352 Person
625 4296 721 4361 selbst;
774 4296 978 4365 Vertauschung
997 4296 1043 4349 der
1061 4295 1181 4363 Bsgriffe.
